3372 5210
676 314 901 374 -13-.

202 493 356 554 defendere
379 491 512 568 conetur,
534 511 593 553 non
615 495 697 552 recta
717 495 794 563 sunt.
815 511 884 550 nam
904 489 1024 579 epp3X.¹
1047 491 1108 551 121
1135 492 1166 551 et
1188 490 1239 552 XI.
1257 493 1320 552 385
1344 488 1375 550 in

201 583 245 643 Pl.
267 601 327 642 non
349 582 460 643 inserta
481 585 550 642 sunt
571 584 641 658 post
667 601 734 657 epp.
754 581 790 642 X
810 582 853 639 44
877 583 909 639 et
930 580 982 640 XI.
999 582 1078 653 328,
1106 580 1156 642 sed
1184 575 1221 638 ΙΙ
1242 583 1307 640 84’
1328 581 1373 640 in·

200 671 371 732 veniuntur.
400 671 560 730 Praeterea
573 670 626 730 XI.
643 671 706 730 385
730 669 762 728 in
777 670 811 729 P.
826 688 886 728 non
900 673 945 728 est
960 660 1084 750 ἄδηλον,
1107 669 1157 729 sed
1173 688 1201 727 n.
1216 670 1236 729 l.
1266 669 1375 745 Itaque

200 759 306 820 dubito
332 779 403 820 num
431 759 630 820 Rubensohno
656 757 729 818 fides
755 757 891 817 habende
914 758 970 833 sit,
1002 758 1108 834 quise
1131 752 1192 816 PlM
1215 758 1374 834 inspexisse

201 843 313 925 dicit¹)
359 848 441 919 Quae
464 867 531 908 cum
554 848 598 906 ita
621 847 692 921 sint,
725 846 1019 924 profiteri-cogimur
1046 865 1099 908 nos
1127 847 1238 906 nescire
1266 847 1374 923 quibus

201 938 296 998 causis
319 940 485 997 commotus
508 934 555 995 ΡΙ.
578 937 634 996 hoc
657 955 702 1011 ep.
725 935 865 994 Palladae
888 935 1038 996 tribuerit.
1046 930 1072 1011 ²)
1108 977 1114 988 .
1138 929 1142 936 ’

288 1026 441 1085 Lemmata
450 1045 553 1086 corum
569 1045 644 1102 epp,
660 1043 737 1100 quae
751 1025 857 1100 longae
873 1024 1011 1084 Palladae
1027 1024 1113 1088 seriei
1128 1021 1180 1084 XI.
1198 1025 1373 1084 2824-292

199 1115 378 1174 antecedunt
404 1118 435 1174 et
457 1113 631 1185 succedunt,
659 1113 697 1175 cf.
720 1133 750 1190 p.
771 1113 806 1186 8,
837 1133 905 1172 cum
928 1113 1014 1173 valde
1036 1112 1113 1173 inter
1135 1129 1166 1172 se
1189 1113 1375 1187 dissentiunt,

198 1208 262 1264 tnm
296 1204 436 1262 Palladae
468 1205 500 1262 et
529 1202 648 1262 Lucillii
680 1202 800 1262 nomina
831 1201 1027 1262 confundunt.
1082 1201 1164 1272 Quae
1199 1202 1276 1261 inter
1308 1221 1374 1278 epp.

198 1292 362 1351 diiudicare
389 1310 424 1351 eo
451 1291 603 1351 difficilius
630 1295 688 1359 est,
716 1291 798 1368 quod
821 1311 887 1367 epp.
910 1289 1066 1366 utriusque
1094 1290 1199 1366 poetae
1227 1291 1372 1350 consimil-

197 1380 271 1439 lima
293 1383 373 1440 sunt.

232 1487 236 1495 ·
287 1469 340 1544 Ep.
356 1469 407 1528 XI.
423 1465 490 1532 279
504 1469 534 1527 in
550 1470 585 1528 P.
608 1470 747 1528 lemmate
769 1463 826 1528 τοῦ
849 1461 950 1528 αὐτοῦ
973 1468 1100 1529 Lucillio
1128 1467 1315 1545 adsignatur,
1342 1466 1375 1524 in

199 1557 391 1617 P1.11²23¹
409 1558 482 1618 ordo
505 1559 581 1617 alius
604 1561 649 1617 est
672 1562 762 1633 atque
784 1557 816 1615 in
839 1557 1030 1616 editionibus:

286 1644 338 1706 XI.
355 1647 429 1706 138.
476 1641 674 1706 Λουκιλλίου.

287 1736 338 1793 ΧΙ.
363 1736 437 1793 278.
482 1729 540 1792 τοῦ
563 1726 672 1791 αὐτοῦ.

286 1824 338 1881 ΧΙ.
361 1818 435 1885 279.
480 1817 538 1880 τοῦ
561 1814 661 1880 αὐτοῦ
675 1815 721 1893 εἰς
735 1814 958 1903 γραμματικὸν
979 1817 1182 1903 κοραςφόρου.
1228 1822 1287 1880 ΡΙ“
1306 1822 1326 1882 Ι.
1348 1842 1373 1882 e.

197 1911 307 1969 Aldine
329 1913 467 1987 princeps
484 1911 527 1970 ΡΙ.
551 1911 644 1970 tradit
666 1902 792 1989 ἄδηλον,
809 1906 913 1971 deinde
929 1913 1052 1988 corrigit
1067 1911 1233 1971 Planudem
1249 1930 1374 1987 sequens

197 1991 254 2058 cdx
277 1990 394 2080 ἄδηλον
416 1993 464 2058 δεῖ
485 1992 679 2081 ἐπιγράφειν
701 1992 785 2059 α’λλά
808 1995 867 2058 τοῦ
882 1992 983 2060 edred
1005 1994 1051 2071 εἰς
1066 2018 1094 2079 y.
1109 2020 1137 2060 κ.
1178 2000 1236 2059 Sed
1265 2001 1374 2058 lemma¹

197 2089 233 2148 de
257 2094 433 2166 argumento
456 2089 570 2149 iactum
592 2090 703 2149 falsum
726 2108 787 2148 esse
810 2092 944 2165 apparet,
969 2090 1049 2164 quod
1072 2089 1110 2147 ad
1134 2107 1179 2164 ep.
1194 2089 1373 2164 praecedens

196 2177 383 2237 referendum
407 2182 463 2253 est,
487 2197 547 2253 quo
575 2179 664 2238 modo
686 2178 719 2237 Ρ.
747 2179 847 2236 tradit.
893 2177 980 2248 Quod
1007 2177 1120 2236 codices
1148 2176 1270 2252 quidam
1298 2180 1373 2236 teste

197 2265 346 2342 Stephano
369 2267 426 2326 hoc
449 2286 494 2341 ep.
519 2266 659 2324 Palladae
687 2265 836 2335 tribuunt,
865 2266 1033 2325 coniectura
1059 2267 1173 2325 factum
1201 2269 1258 2341 est,
1283 2285 1371 2341 quam

197 2353 336 2412 Ducbuer
357 2355 473 2429 probat.
517 2354 563 2413 Ac
585 2355 717 2430 profecto
740 2353 859 2425 arridet,
883 2374 950 2415 cum
975 2359 1005 2414 et
1024 2357 1234 2432 argumentum
1250 2354 1280 2412 et
1296 2373 1372 2414 com·

195 2442 303 2517 positio
327 2441 466 2501 Palladae
490 2442 550 2502 sint
565 2443 778 2510 consimillima.
809 2443 874 2504 Nisi
888 2448 1089 2521 repugnarent
1104 2447 1134 2503 et
1149 2443 1229 2519 quod
1245 2446 1372 2520 utreque

195 2531 368 2610 anthologia
391 2532 536 2592 consentit
559 2536 590 2591 et
612 2533 694 2608 quod
717 2532 754 2591 ad
776 2553 821 2608 ep.
838 2533 890 2593 XI.
907 2534 971 2592 280
995 2552 1101 2592 nomen
1117 2532 1259 2592 Palladae
1275 2532 1372 2590 denuo

195 2619 388 2694 adscribitur,
419 2641 464 2696 ep.
488 2621 552 2680 279
584 2621 616 2679 in
647 2621 751 2697 primis
779 2622 841 2680 sine
868 2623 930 2681 ullo
958 2622 1049 2681 dubio
1074 2621 1214 2680 Palladae
1242 2620 1371 2679 tribuen-

195 2708 266 2767 dum
290 2712 343 2768 est.

283 2794 342 2856 XI.
365 2792 432 2860 280
456 2817 510 2872 ep,
535 2797 615 2872 quod
643 2800 673 2855 et
699 2796 731 2853 in
758 2797 791 2857 P.
819 2799 850 2855 et
881 2797 912 2854 in
944 2798 988 2856 ΡΙ.
1021 2797 1161 2856 Palladae
1185 2797 1370 2871 adscribitur,

195 2885 326 2958 primum
349 2891 394 2943 est
416 2886 521 2962 longae
545 2885 630 2944 seriei
652 2904 717 2960 epp.
742 2886 950 2960 scopticorum.

283 2973 338 3047 Ep.
366 2973 417 3032 XI.
440 2968 506 3035 281
534 2973 565 3031 in
591 2975 625 3033 P.
651 2968 710 3031 τοῦ
738 2965 847 3045 αὐτοῦ,
875 2975 907 3032 in
933 2975 978 3034 ΡΙ.
1002 2973 1040 3032 ΙΙ
1065 2977 1129 3035 10ν
1151 2979 1219 3051 post
1247 2995 1292 3051 ep.
1319 2975 1370 3034 IX.

196 3061 259 3119 503
292 3056 447 3120 Παλλαδᾶ
474 3063 612 3121 lemmate
641 3057 832 3122 Λουκιλλίου
859 3063 1036 3139 inscriptum
1064 3065 1102 3123 ab
1134 3063 1271 3124 omuibus
1298 3063 1370 3124 viris

194 3144 289 3210 doctis
311 3169 406 3228 usque
435 3151 472 3209 ad
500 3152 670 3210 Jacobsium
693 3150 820 3210 Lucillio
848 3153 995 3211 tributum
1023 3156 1076 3214 est.
1122 3153 1230 3214 Jacobs
1257 3153 1370 3228 primus

194 3239 250 3297 hoc
273 3259 318 3315 ep.
335 3239 476 3298 Palladae
499 3241 582 3300 dedit
605 3241 707 3299 ordine
724 3245 899 3316 commotus,
923 3243 1003 3317 qnod
1020 3242 1109 3301 estin
1125 3243 1214 3319 longa
1229 3238 1369 3299 Palladae

194 3347 260 3403 epp.
283 3347 366 3387 serre.

282 3417 336 3491 Ep.
365 3417 415 3477 XI.
443 3413 518 3478 282.
564 3411 622 3475 τοῦ
654 3410 755 3474 αὐτοῦ
785 3419 816 3474 in
844 3419 892 3493 P.,
923 3421 1018 3476 exstat
1050 3419 1140 3476 etiam
1171 3418 1202 3476 in
1229 3419 1275 3479 Pl.
1302 3409 1371 3494 post

194 3522 240 3578 ep.
263 3502 313 3561 XI.
331 3504 393 3563 281
412 3523 435 3563 c.
451 3505 470 3563 Ι.
494 3499 550 3562 τοῦ
575 3497 674 3563 αὐτοῦ
698 3503 769 3581 (scil.
794 3504 936 3581 Lucillii).
981 3505 1046 3566 Non
1072 3510 1152 3566 recte
1176 3507 1317 3566 Duebner
1339 3510 1370 3566 et

193 3586 408 3671 Sakolowskiss)
446 3592 549 3652 dicunt
584 3593 738 3652 cohaerere
774 3593 830 3653 hoc
858 3615 901 3670 ep.
931 3613 1000 3654 cum
1027 3596 1229 3671 praecedente.
1278 3596 1369 3654 Deest

193 3679 314 3755 quidem
346 3699 392 3756 ep.
417 3682 480 3739 282
514 3682 631 3758 signum
663 3682 755 3757 initii,
788 3683 838 3741 sed
867 3686 964 3743 exstat
992 3688 1060 3759 post
1087 3705 1131 3761 ep.
1157 3685 1218 3743 281
1250 3685 1369 3761 signum

193 3768 352 3828 clausulae.
397 3771 488 3830 Recte
503 3771 549 3829 Pl.
565 3770 708 3830 disiunxit
730 3790 805 3847 epp,
829 3791 1017 3831 cumeorum
1040 3776 1216 3850 argumento
1237 3773 1315 3832 inter
1338 3792 1368 3832 se

193 3856 366 3933 discrepent.

283 3993 303 4060 ¹)
322 3993 479 4078 Engelum,
504 3993 540 4048 de
559 3994 732 4080 quibusdam
751 3996 872 4052 Anthol.
893 3995 941 4050 Gr.
962 4014 1027 4087 epp.
1047 4002 1229 4080 commentat.
1269 3996 1369 4051 Elber-

179 4060 253 4116 ’feld
267 4062 345 4131 1875,
357 4081 445 4118 nimis
457 4065 592 4119 audacter
605 4067 746 4136 Νικαρχου
758 4073 918 4122 mutantem
931 4085 968 4121 ex
982 4069 1075 4139 Ραρου
1087 4068 1201 4121 Fmsler
1213 4069 1231 4122 Ι.
1245 4069 1264 4121 Ι.
1277 4087 1305 4139 p.
1317 4069 1368 4122 125

193 4132 350 4216 improbat,
375 4135 426 4217 qui
444 4135 585 4218 Diltlreyc
604 4138 802 4193 consentiente
820 4139 928 4193 Rarum
948 4156 1008 4194 esse
1028 4156 1187 4208 cognomen
1206 4139 1366 4194 Romanum

193 4220 310 4344 nomm?
320 4222 446 4328 lproprio
466 4222 572 4260 omreso
591 4211 682 4276 putat.

345 4276 429 4345 lacet,
449 4277 528 4346 quod
546 4276 752 4334 Stadtmueller
765 4281 854 4334 sentit
872 4282 905 4335 B.
918 4281 967 4351 ph.
982 4281 1027 4334 W.
1043 4281 1112 4335 1893
1131 4300 1159 4351 p.
1174 4283 1233 4350 101,
1253 4281 1304 4353 qui
1323 4299 1367 4353 ep.

192 4343 246 4397 IX.
260 4346 312 4400 289
331 4348 438 4402 collato
457 4347 512 4403 hoc
532 4365 575 4420 ep.
595 4350 686 4404 Basso
704 4349 816 4404 tribuit.

282 4417 302 4486 ³)
322 4417 510 4490 Sakolowski,
530 4419 566 4475 de
585 4421 664 4476 anth.
683 4420 775 4477 Palat.
796 4423 987 4492 quaestiones.
1025 4424 1198 4495 Lipe.1893.
1218 4443 1245 4494 p.
1260 4426 1302 4480 17.
