3372 5210
706 470 925 528 „97-

231 648 358 723 dicendi,
387 642 474 707 etiam
498 667 533 706 ex
560 647 690 707 eiusdem
714 649 776 705 arte
800 647 922 706 metrica
944 647 1099 722 pendebat.
1143 649 1186 707 At
1208 647 1262 706 hac
1286 667 1403 723 quoque

231 757 262 796 re
290 738 396 796 iterum
425 736 580 812 proprium
608 755 695 795 suum
722 735 873 813 ingenium
901 735 1038 795 Palladas
1070 736 1210 811 ostendit,
1238 736 1318 812 qnod
1345 737 1402 795 iam

231 826 296 885 aliis
311 827 341 884 iu
352 826 440 884 rebus
456 824 592 884 admirati
607 843 718 898 sumus,
735 844 802 884 curn
817 824 849 883 in
864 825 997 884 versibus
1014 825 1075 884 suis
1091 825 1239 885 struendis
1254 826 1404 902 propriam

231 915 309 976 viam
331 914 516 992 ingrediatur
539 933 634 990 neque
656 914 782 990 vestigia
805 914 973 990 aequalium
996 917 1026 972 et
1042 914 1243 990 antiquiorum
1259 914 1404 991 epigram-

230 1005 422 1063 matariorum
446 1007 568 1079 premat.
614 1004 766 1062 Praeterea
791 1023 825 1060 ex
848 1006 910 1061 arte
939 1003 1060 1061 metrica
1087 1019 1207 1080 quoque
1235 1004 1405 1081 intellegere

230 1111 399 1170 possumus,
431 1112 521 1168 quam
553 1092 710 1169 diligenter
742 1091 878 1151 Pallados
910 1091 1074 1150 Homerum
1106 1092 1225 1169 legerit:
1257 1092 1405 1152 Homerus

230 1183 368 1240 Palladae
396 1181 585 1257 pauperrimo
613 1181 677 1239 ludi
704 1180 845 1258 magistro
872 1199 928 1239 nou
958 1180 1046 1240 modo
1075 1181 1187 1240 victum
1215 1181 1405 1248 cotidianum,

231 1271 281 1330 sed
305 1271 392 1329 etiam
417 1271 547 1346 exempla
571 1269 684 1346 exiguis
707 1269 885 1330 carminibus
909 1270 971 1329 eius
993 1269 1124 1345 parabat.

794 1443 835 1508 B.

594 1573 644 1630 De
667 1573 846 1648 trimetris
869 1572 1042 1631 iambicis.

321 1714 581 1773 Perscrntantibus
605 1715 697 1787 uobis,
721 1713 829 1790 quibus
858 1713 976 1791 legibus
1000 1713 1135 1774 Palladas
1162 1715 1314 1773 trimetros
1336 1714 1405 1772 ianr-

230 1803 311 1862 bicos
335 1803 544 1878 composuerit,
569 1805 609 1862 82
635 1821 737 1863 versus
760 1803 867 1862 horum
894 1803 933 1862 19
958 1823 1024 1878 epp.
1049 1802 1241 1880 perquirendi
1264 1806 1346 1863 sunt:

297 1892 347 1949 lX.
373 1892 445 1951 180.
607 1894 641 1950 X.
690 1893 740 1950 86.
904 1894 938 1950 X.
986 1894 1036 1950 94.
1180 1893 1231 1951 Xl.
1257 1893 1330 1950 287.

303 2013 345 2023 -
377 1981 448 2039 181.
596 2015 640 2024 —·
691 1982 742 2040 87.
891 2013 931 2023 -
985 1983 1035 2040 95.
1184 2013 1228 2024 -—
1257 1983 1330 2040 289.

301 2102 345 2110 -
374 2070 447 2128 400.
596 2103 639 2112 -
691 2071 741 2129 90.
890 2102 933 2112 -
985 2071 1035 2127 96.
1186 2101 1225 2110 —
1257 2069 1329 2128 291.

316 2160 351 2215 X.
399 2159 449 2218 81.
597 2192 640 2200 —
693 2159 743 2217 91.
887 2157 938 2216 ΧΙ.
964 2159 1036 2216 282.
1168 2159 1230 2216 XV.
1279 2160 1330 2216 20.

303 2280 347 2288 -
398 2249 449 2305 82.
597 2279 641 2288 -
693 2248 743 2306 92.
890 2279 933 2288 -
963 2247 1036 2305 286.

323 2335 476 2394 Accedunt
503 2336 562 2393 duo
586 2355 651 2411 epp.
675 2335 765 2394 dubia
790 2336 829 2394 14
854 2354 957 2398 versus
979 2336 1172 2394 continentia:
1197 2329 1258 2393 IX.
1279 2334 1353 2397 508.
1377 2341 1407 2394 et

320 2512 364 2570 Ex
387 2513 545 2574 caesuris
568 2513 795 2591 semiquinariae
818 2532 942 2573 numero
965 2517 1106 2590 superant
1128 2513 1252 2572 maximo
1268 2515 1406 2589 semisep-

232 2601 370 2676 tenariaS,
401 2623 469 2660 nam
501 2603 619 2661 illarum
650 2604 688 2662 61
722 2601 852 2680 (442),
880 2604 986 2662 harum
1012 2605 1051 2661 12
1080 2601 1178 2678 (4-1)
1206 2602 1418 2677 inveniuntur,-

232 2691 403 2749 couiunctae
426 2693 457 2748 in
482 2692 499 2749 9
525 2689 579 2766 (4-
593 2691 623 2766 1)
648 2692 781 2750 versibus
804 2690 952 2768 leguntur.

321 2774 498 2838 Incisionum
522 2782 590 2854 post
611 2779 735 2855 primam
761 2780 909 2856 dipodiam
930 2779 1078 2838 factarum
1093 2779 1176 2838 nulla
1190 2783 1271 2838 caret
1286 2799 1406 2839 caesura

195 2881 198 2888 ¹
231 2866 379 2942 primaria,
403 2887 529 2943 quarum
555 2869 593 2926 14
618 2869 745 2944 repperi.

322 2956 459 3015 Severius
482 2957 569 3015 etiam
594 2957 728 3016 Palladas
752 2957 844 3016 evitat
866 2956 1036 3017 incisionem
1059 2962 1127 3033 post
1150 2958 1271 3016 tertium
1293 2958 1406 3034 pedem,

231 3063 267 3102 ne
291 3063 393 3104 versus
416 3045 587 3105 dimidiatus
610 3045 696 3105 nimis
722 3047 870 3122 langueat,
895 3066 962 3106 uam
983 3047 1137 3106 incisiones
1152 3038 1230 3105 iuter
1245 3047 1404 3106 articulum

232 3136 262 3191 et
284 3153 390 3192 nomen
412 3134 507 3193 factae
530 3154 589 3194 non
612 3135 643 3193 in
667 3136 793 3194 caesuris
816 3137 1014 3195 numerandae
1037 3141 1115 3196 suut.
1161 3137 1317 3202 Praeterea
1339 3140 1407 3212 post

231 3222 353 3281 tertium
381 3223 485 3299 pedem
519 3242 575 3283 vox
606 3224 709 3283 finitur
739 3243 890 3301 nunquam
918 3225 974 3284 nisi
1002 3226 1091 3284 tertis
1113 3225 1186 3284 arsis
1209 3242 1280 3284 voce
1303 3243 1405 3283 mono-

231 3311 344 3387 syllaba
368 3313 510 3388 expletur,
533 3316 569 3371 ut
591 3314 621 3371 in
644 3314 690 3372 his
714 3314 859 3372 versibus:
889 3314 993 3372 vocula
1016 3305 1059 3383 ώς
1082 3313 1133 3373 ΧΙ.
1155 3312 1228 3382 291,
1249 3314 1277 3372 3.
1301 3314 1406 3372 vocula

230 3395 284 3456 καὶ
306 3400 356 3457 ΙΧ.
384 3401 455 3471 180,
473 3404 500 3460 3.
534 3403 569 3460 X.
586 3404 636 3471 92,
658 3404 683 3460 1.
717 3403 768 3472 94,
786 3405 815 3460 4.
848 3395 922 3477 (IX.
940 3399 1014 3474 508,
1031 3403 1059 3459 3.
1093 3395 1157 3460 XI.v
1175 3399 1250 3469 359,
1268 3404 1295 3460 6.
1309 3403 1336 3460 7.
1354 3400 1405 3477 8.).

230 3488 494 3563 praepositionibus
525 3491 559 3548 X.
582 3491 632 3560 91,
651 3491 678 3549 4.
711 3490 762 3549 XI.
784 3491 857 3562 289,
875 3492 903 3549 3.
935 3508 1006 3550 voce
1035 3489 1170 3549 enclitica
1200 3491 1405 3567 monosyllaba

321 3665 434 3735 Quibus
457 3666 578 3725 vocibus
600 3667 647 3724 lex
670 3685 727 3725 non
750 3667 893 3740 violatur,
922 3686 981 3743 qua
1004 3667 1196 3744 praecipitur,
1222 3672 1259 3727 ut
1285 3687 1406 3728 caesura

230 3758 298 3830 post
319 3755 441 3814 tertium
463 3755 568 3831 pedem
591 3756 712 3815 vitetur.

320 3843 442 3903 Constat
464 3844 542 3903 inter
565 3863 664 3906 omues
688 3845 815 3921 optimos
838 3846 1065 3922 iambographos
1094 3846 1218 3922 longas
1246 3845 1405 3922 syllabas

231 3933 265 3989 in
289 3933 452 3992 thesibus
476 3934 606 3993 solorum
630 3935 739 4010 pedum
762 3934 859 4010 primi,
883 3934 974 4004 tertii,
999 3934 1096 4010 quinti
1112 3934 1276 4005 admittere,
1301 3934 1404 3993 sedin

230 4020 363 4080 thesibus
386 4021 569 4098 reliquorum
593 4023 704 4097 pedum
727 4023 904 4100 rigidissime
933 4023 1050 4082 evitare.
1098 4021 1191 4092 Quam
1214 4023 1311 4099 legem
1335 4023 1404 4081 Pal·

230 4110 311 4169 ladas
335 4129 425 4186 quam
448 4111 672 4187 diligentissime
695 4117 813 4171 secutus
840 4113 943 4189 longas
972 4111 1099 4188 syllabas
1126 4111 1229 4170 finales
1257 4131 1292 4169 ne
1320 4111 1405 4170 hiatu

232 4198 352 4274 quidem
376 4204 524 4275 correptas
547 4200 688 4277 admittit,
711 4199 756 4258 bis
778 4203 894 4260 tantum
917 4200 1021 4260 breves
1043 4199 1171 4276 syllabas
1192 4199 1276 4275 ponit
1292 4204 1403 4258 mutam

231 4306 298 4346 cum
320 4288 434 4364 liquida
456 4288 654 4347 coniunctam:

319 4379 354 4435 X.
376 4379 427 4453 95,
450 4378 477 4437 1.
513 4378 543 4435 in
577 4380 683 4453 quarto
715 4377 788 4453 pede
821 4372 965 4437 διπλοῦν.
1017 4372 1077 4435 ΧΙ.
1107 4376 1181 4452 395,
1202 4380 1229 4436 4.
1263 4379 1293 4435 in
1322 4381 1403 4436 sexto

231 4459 355 4522 dccliv.
402 4465 486 4527 Unus
508 4485 611 4527 versus
634 4466 685 4527 ΧΙ.
703 4467 776 4541 285,
788 4469 816 4526 5.
840 4467 975 4526 discedit:

319 4547 416 4625 καλὸς
438 4546 506 4614 d'riv
527 4548 577 4636 εἴη
600 4549 712 4626 δοῦλος
734 4547 774 4613 τὰ
799 4551 889 4636 σκέλη
911 4551 1038 4628 κλάσας.

285 4663 411 4716 Franks,
425 4665 460 4705 De
474 4665 573 4707 Panaca
587 4666 849 4718 epigrammatographo.
1173 4657 1188 4710 7
