<?xml version="1.0" encoding="UTF-8"?>
<!DOCTYPE html PUBLIC "-//W3C//DTD XHTML 1.0 Transitional//EN"
    "http://www.w3.org/TR/xhtml1/DTD/xhtml1-transitional.dtd">
<html xmlns="http://www.w3.org/1999/xhtml" xml:lang="en" lang="en">
 <head>
  <title>
</title>
<meta http-equiv="Content-Type" content="text/html;charset=utf-8" />
  <meta name='ocr-system' content='tesseract 3.04.00' />
  <meta name='ocr-capabilities' content='ocr_page ocr_carea ocr_par ocr_line ocrx_word'/>
</head>
<body>
  <div class='ocr_page' id='page_1' title='image "./depalladaepigra00frangoog_0050.png"; bbox 0 0 3372 5210; ppageno 0'>
   <div class='ocr_carea' id='block_1_1' title="bbox 710 277 931 334">
    <p class='ocr_par' dir='ltr' id='par_1_1' title="bbox 710 277 931 334">
     <span class='ocr_line' id='line_1_1' title="bbox 710 277 931 334; baseline 0 -18"><span class='ocrx_word' id='word_1_1' title='bbox 710 277 931 334; x_wconf 71' lang='lat'>...45-</span> 
     </span>
    </p>
   </div>
   <div class='ocr_carea' id='block_1_2' title="bbox 225 453 1411 3994">
    <p class='ocr_par' dir='ltr' id='par_1_2' title="bbox 227 453 1411 1670">
     <span class='ocr_line' id='line_1_2' title="bbox 231 453 1411 530; baseline 0.003 -18"><span class='ocrx_word' id='word_1_2' title='bbox 231 454 282 512; x_wconf 88' lang='lat' dir='ltr'>Xl.</span> <span class='ocrx_word' id='word_1_3' title='bbox 307 453 381 512; x_wconf 88' lang='grc'><strong>381.</strong></span> <span class='ocrx_word' id='word_1_4' title='bbox 426 453 482 528; x_wconf 78' lang='lat' dir='ltr'>Ep.</span> <span class='ocrx_word' id='word_1_5' title='bbox 505 453 555 511; x_wconf 89' lang='lat' dir='ltr'>Xl.</span> <span class='ocrx_word' id='word_1_6' title='bbox 580 453 653 511; x_wconf 84' lang='lat'>381.</span> <span class='ocrx_word' id='word_1_7' title='bbox 676 471 707 512; x_wconf 90' lang='lat' dir='ltr'>se</span> <span class='ocrx_word' id='word_1_8' title='bbox 729 453 855 512; x_wconf 80' lang='lat' dir='ltr'>libenter</span> <span class='ocrx_word' id='word_1_9' title='bbox 876 454 961 512; x_wconf 84' lang='lat' dir='ltr'>uxori</span> <span class='ocrx_word' id='word_1_10' title='bbox 984 455 1141 530; x_wconf 81' lang='lat' dir='ltr'><strong>repudium</strong></span> <span class='ocrx_word' id='word_1_11' title='bbox 1170 456 1411 514; x_wconf 77' lang='lat' dir='ltr'>renuntiaturum</span> 
     </span>
     <span class='ocr_line' id='line_1_3' title="bbox 231 538 1410 620; baseline 0.002 -18"><span class='ocrx_word' id='word_1_12' title='bbox 231 551 293 602; x_wconf 87' lang='lat' dir='ltr'>esse</span> <span class='ocrx_word' id='word_1_13' title='bbox 315 543 482 618; x_wconf 87' lang='lat' dir='ltr'>profitetur,</span> <span class='ocrx_word' id='word_1_14' title='bbox 505 542 562 602; x_wconf 88' lang='lat' dir='ltr'>nisi</span> <span class='ocrx_word' id='word_1_15' title='bbox 583 543 650 618; x_wconf 90' lang='lat' dir='ltr'>lege</span> <span class='ocrx_word' id='word_1_16' title='bbox 672 542 831 618; x_wconf 90' lang='lat' dir='ltr'>impediret</span> <span class='ocrx_word' id='word_1_17' title='bbox 869 538 907 620; x_wconf 84' lang='lat'>.¹)</span> <span class='ocrx_word' id='word_1_18' title='bbox 944 543 1063 602; x_wconf 84' lang='lat' dir='ltr'>Scholio</span> <span class='ocrx_word' id='word_1_19' title='bbox 1079 565 1125 620; x_wconf 91' lang='lat' dir='ltr'>ep.</span> <span class='ocrx_word' id='word_1_20' title='bbox 1140 543 1192 603; x_wconf 76' lang='lat' dir='ltr'>IX</span> <span class='ocrx_word' id='word_1_21' title='bbox 1210 545 1285 603; x_wconf 84' lang='lat'>168.</span> <span class='ocrx_word' id='word_1_22' title='bbox 1303 564 1410 604; x_wconf 87' lang='lat' dir='ltr'>nomen</span> 
     </span>
     <span class='ocr_line' id='line_1_4' title="bbox 229 623 1410 714; baseline 0.002 -24"><span class='ocrx_word' id='word_1_23' title='bbox 229 633 330 691; x_wconf 83' lang='lat' dir='ltr'>uxoris</span> <span class='ocrx_word' id='word_1_24' title='bbox 353 623 547 710; x_wconf 77' lang='grc' dir='ltr'><em>Ἀνδρομάχη</em></span> <span class='ocrx_word' id='word_1_25' title='bbox 569 631 730 690; x_wconf 85' lang='lat' dir='ltr'>indicatur:</span> <span class='ocrx_word' id='word_1_26' title='bbox 755 625 860 708; x_wconf 79' lang='grc' dir='ltr'><strong><em>ψόγος</em></strong></span> <span class='ocrx_word' id='word_1_27' title='bbox 874 625 920 702; x_wconf 86' lang='grc' dir='ltr'>εἰς</span> <span class='ocrx_word' id='word_1_28' title='bbox 942 625 1000 710; x_wconf 76' lang='grc' dir='ltr'>τὴν</span> <span class='ocrx_word' id='word_1_29' title='bbox 1013 625 1129 693; x_wconf 77' lang='grc' dir='ltr'><em>ἑαυτοῦ</em></span> <span class='ocrx_word' id='word_1_30' title='bbox 1145 626 1286 714; x_wconf 79' lang='grc' dir='ltr'><em>γαμετὴν</em></span> <span class='ocrx_word' id='word_1_31' title='bbox 1299 625 1410 714; x_wconf 75' lang='grc' dir='ltr'><em>ἀνδρο-</em></span> 
     </span>
     <span class='ocr_line' id='line_1_5' title="bbox 228 712 1411 804; baseline 0.001 -25"><span class='ocrx_word' id='word_1_32' title='bbox 228 716 346 800; x_wconf 77' lang='grc' dir='ltr'><strong>μάχην.</strong></span> <span class='ocrx_word' id='word_1_33' title='bbox 393 719 424 778; x_wconf 83' lang='grc'>81</span> <span class='ocrx_word' id='word_1_34' title='bbox 447 737 536 779; x_wconf 82' lang='lat' dir='ltr'>versu</span> <span class='ocrx_word' id='word_1_35' title='bbox 550 719 602 778; x_wconf 87' lang='lat' dir='ltr'>XI.</span> <span class='ocrx_word' id='word_1_36' title='bbox 620 719 714 791; x_wconf 81' lang='lat'>378,5</span> <span class='ocrx_word' id='word_1_37' title='bbox 739 712 777 778; x_wconf 75' lang='lat' dir='ltr'>ori</span> <span class='ocrx_word' id='word_1_38' title='bbox 798 715 940 796; x_wconf 79' lang='grc' dir='ltr'><em>δύναμαι</em></span> <span class='ocrx_word' id='word_1_39' title='bbox 956 714 985 778; x_wconf 78' lang='grc' dir='ltr'>δ’</span> <span class='ocrx_word' id='word_1_40' title='bbox 1000 714 1121 796; x_wconf 75' lang='grc' dir='ltr'><strong><em>ἀλόχου</em></strong></span> <span class='ocrx_word' id='word_1_41' title='bbox 1135 717 1193 802; x_wconf 77' lang='grc' dir='ltr'>τῆς</span> <span class='ocrx_word' id='word_1_42' title='bbox 1208 715 1411 804; x_wconf 80' lang='grc' dir='ltr'><em>ἅνδρομάχης</em></span> 
     </span>
     <span class='ocr_line' id='line_1_6' title="bbox 229 803 1411 889; baseline 0.003 -21"><span class='ocrx_word' id='word_1_43' title='bbox 229 803 406 889; x_wconf 76' lang='grc' dir='ltr'><em>ἀναχωρεῖν</em></span> <span class='ocrx_word' id='word_1_44' title='bbox 436 829 469 868; x_wconf 73' lang='lat' dir='ltr'>re</span> <span class='ocrx_word' id='word_1_45' title='bbox 502 827 573 868; x_wconf 88' lang='lat' dir='ltr'>vera</span> <span class='ocrx_word' id='word_1_46' title='bbox 603 827 710 868; x_wconf 91' lang='lat' dir='ltr'>nomen</span> <span class='ocrx_word' id='word_1_47' title='bbox 742 809 897 885; x_wconf 86' lang='lat' dir='ltr'>proprium</span> <span class='ocrx_word' id='word_1_48' title='bbox 930 810 1053 886; x_wconf 80' lang='lat' dir='ltr'><strong>exprimi</strong></span> <span class='ocrx_word' id='word_1_49' title='bbox 1090 812 1235 882; x_wconf 76' lang='lat' dir='ltr'>credereS,</span> <span class='ocrx_word' id='word_1_50' title='bbox 1271 831 1411 887; x_wconf 82' lang='lat' dir='ltr'>compara</span> 
     </span>
     <span class='ocr_line' id='line_1_7' title="bbox 230 897 1411 975; baseline 0.002 -17"><span class='ocrx_word' id='word_1_51' title='bbox 230 917 342 975; x_wconf 80' lang='lat' dir='ltr'>quaeso</span> <span class='ocrx_word' id='word_1_52' title='bbox 366 918 442 974; x_wconf 74' lang='lat' dir='ltr'>epp,</span> <span class='ocrx_word' id='word_1_53' title='bbox 464 898 494 956; x_wconf 92' lang='lat' dir='ltr'>in</span> <span class='ocrx_word' id='word_1_54' title='bbox 519 898 628 973; x_wconf 90' lang='lat' dir='ltr'>quibus</span> <span class='ocrx_word' id='word_1_55' title='bbox 649 897 786 958; x_wconf 77' lang='lat' dir='ltr'>Pallados</span> <span class='ocrx_word' id='word_1_56' title='bbox 808 898 845 957; x_wconf 90' lang='lat' dir='ltr'>de</span> <span class='ocrx_word' id='word_1_57' title='bbox 867 899 987 974; x_wconf 91' lang='lat' dir='ltr'>proeliis</span> <span class='ocrx_word' id='word_1_58' title='bbox 1003 918 1071 958; x_wconf 88' lang='lat' dir='ltr'>cum</span> <span class='ocrx_word' id='word_1_59' title='bbox 1086 919 1178 959; x_wconf 87' lang='lat' dir='ltr'>uxore</span> <span class='ocrx_word' id='word_1_60' title='bbox 1193 901 1411 960; x_wconf 73' lang='lat' dir='ltr'>committendis</span> 
     </span>
     <span class='ocr_line' id='line_1_8' title="bbox 229 983 1410 1070; baseline 0.004 -24"><span class='ocrx_word' id='word_1_61' title='bbox 229 987 320 1047; x_wconf 90' lang='lat' dir='ltr'>verbe</span> <span class='ocrx_word' id='word_1_62' title='bbox 342 987 430 1062; x_wconf 87' lang='lat' dir='ltr'>facit,</span> <span class='ocrx_word' id='word_1_63' title='bbox 453 987 484 1044; x_wconf 92' lang='lat' dir='ltr'>in</span> <span class='ocrx_word' id='word_1_64' title='bbox 507 987 610 1063; x_wconf 86' lang='lat' dir='ltr'>primis</span> <span class='ocrx_word' id='word_1_65' title='bbox 633 1006 679 1062; x_wconf 91' lang='lat' dir='ltr'>ep.</span> <span class='ocrx_word' id='word_1_66' title='bbox 702 987 754 1044; x_wconf 89' lang='lat' dir='ltr'>IX.</span> <span class='ocrx_word' id='word_1_67' title='bbox 780 989 852 1046; x_wconf 89' lang='grc'><strong>168.</strong></span> <span class='ocrx_word' id='word_1_68' title='bbox 875 1007 903 1047; x_wconf 91' lang='lat' dir='ltr'>v.</span> <span class='ocrx_word' id='word_1_69' title='bbox 927 991 958 1046; x_wconf 84' lang='lat'>4.</span> <span class='ocrx_word' id='word_1_70' title='bbox 980 983 1121 1068; x_wconf 74' lang='grc' dir='ltr'><strong><em>γαμετῆς</em></strong></span> <span class='ocrx_word' id='word_1_71' title='bbox 1142 988 1286 1070; x_wconf 75' lang='grc' dir='ltr'><em>μαχίμης</em></span> <span class='ocrx_word' id='word_1_72' title='bbox 1311 992 1342 1048; x_wconf 87' lang='grc'>11</span> <span class='ocrx_word' id='word_1_73' title='bbox 1364 1009 1410 1065; x_wconf 88' lang='lat' dir='ltr'>ep.</span> 
     </span>
     <span class='ocr_line' id='line_1_9' title="bbox 228 1069 1408 1152; baseline 0.003 -19"><span class='ocrx_word' id='word_1_74' title='bbox 228 1075 368 1152; x_wconf 84' lang='lat' dir='ltr'>Append.</span> <span class='ocrx_word' id='word_1_75' title='bbox 383 1076 408 1134; x_wconf 94' lang='lat' dir='ltr'>I.</span> <span class='ocrx_word' id='word_1_76' title='bbox 445 1075 553 1134; x_wconf 74' lang='lat' dir='ltr'>Confer</span> <span class='ocrx_word' id='word_1_77' title='bbox 575 1080 606 1134; x_wconf 91' lang='lat' dir='ltr'>et</span> <span class='ocrx_word' id='word_1_78' title='bbox 627 1095 673 1152; x_wconf 89' lang='lat' dir='ltr'>ep.</span> <span class='ocrx_word' id='word_1_79' title='bbox 692 1069 724 1134; x_wconf 91' lang='lat' dir='ltr'>V.</span> <span class='ocrx_word' id='word_1_80' title='bbox 742 1071 792 1136; x_wconf 86' lang='lat'>70.</span> <span class='ocrx_word' id='word_1_81' title='bbox 815 1077 846 1134; x_wconf 92' lang='lat' dir='ltr'>in</span> <span class='ocrx_word' id='word_1_82' title='bbox 869 1073 929 1152; x_wconf 84' lang='lat' dir='ltr'>quo</span> <span class='ocrx_word' id='word_1_83' title='bbox 945 1077 1048 1135; x_wconf 86' lang='lat' dir='ltr'>eodem</span> <span class='ocrx_word' id='word_1_84' title='bbox 1064 1077 1152 1136; x_wconf 90' lang='lat' dir='ltr'>modo</span> <span class='ocrx_word' id='word_1_85' title='bbox 1169 1079 1274 1137; x_wconf 89' lang='lat' dir='ltr'>eodem</span> <span class='ocrx_word' id='word_1_86' title='bbox 1287 1079 1408 1137; x_wconf 87' lang='lat' dir='ltr'>nomine</span> 
     </span>
     <span class='ocr_line' id='line_1_10' title="bbox 227 1165 1409 1240; baseline 0.002 -16"><span class='ocrx_word' id='word_1_87' title='bbox 227 1167 329 1224; x_wconf 86' lang='lat' dir='ltr'>uxoris</span> <span class='ocrx_word' id='word_1_88' title='bbox 356 1165 480 1224; x_wconf 87' lang='lat' dir='ltr'>Zenonis</span> <span class='ocrx_word' id='word_1_89' title='bbox 511 1165 590 1222; x_wconf 90' lang='lat' dir='ltr'>ludit</span> <span class='ocrx_word' id='word_1_90' title='bbox 621 1168 722 1240; x_wconf 80' lang='lat' dir='ltr'>poete,</span> <span class='ocrx_word' id='word_1_91' title='bbox 754 1165 905 1224; x_wconf 88' lang='lat' dir='ltr'>considera</span> <span class='ocrx_word' id='word_1_92' title='bbox 936 1165 1090 1224; x_wconf 73' lang='lat' dir='ltr'>Palladem</span> <span class='ocrx_word' id='word_1_93' title='bbox 1120 1168 1240 1225; x_wconf 86' lang='lat' dir='ltr'>nomine</span> <span class='ocrx_word' id='word_1_94' title='bbox 1273 1169 1409 1226; x_wconf 88' lang='lat' dir='ltr'>consulte</span> 
     </span>
     <span class='ocr_line' id='line_1_11' title="bbox 229 1248 1409 1332; baseline 0 -18"><span class='ocrx_word' id='word_1_95' title='bbox 229 1256 351 1332; x_wconf 88' lang='lat' dir='ltr'>eligere,</span> <span class='ocrx_word' id='word_1_96' title='bbox 389 1258 426 1312; x_wconf 91' lang='lat' dir='ltr'>ut</span> <span class='ocrx_word' id='word_1_97' title='bbox 462 1273 507 1328; x_wconf 92' lang='lat' dir='ltr'>ep.</span> <span class='ocrx_word' id='word_1_98' title='bbox 531 1253 600 1312; x_wconf 81' lang='lat' dir='ltr'>V11.</span> <span class='ocrx_word' id='word_1_99' title='bbox 625 1255 698 1312; x_wconf 86' lang='lat'><strong>610.</strong></span> <span class='ocrx_word' id='word_1_100' title='bbox 727 1248 872 1324; x_wconf 68' lang='grc' dir='ltr'><em>Πενθεύς</em></span> <span class='ocrx_word' id='word_1_101' title='bbox 909 1257 941 1312; x_wconf 87' lang='lat' dir='ltr'>et</span> <span class='ocrx_word' id='word_1_102' title='bbox 978 1250 1188 1314; x_wconf 73' lang='grc' dir='ltr'><em>Πενθεσίλεια</em></span> <span class='ocrx_word' id='word_1_103' title='bbox 1225 1256 1263 1314; x_wconf 90' lang='lat' dir='ltr'>ob</span> <span class='ocrx_word' id='word_1_104' title='bbox 1303 1275 1409 1316; x_wconf 89' lang='lat' dir='ltr'>vocem</span> 
     </span>
     <span class='ocr_line' id='line_1_12' title="bbox 229 1342 1409 1414; baseline 0 -12"><span class='ocrx_word' id='word_1_105' title='bbox 229 1343 364 1414; x_wconf 73' lang='grc' dir='ltr'><em>πένθοςε</em></span> <span class='ocrx_word' id='word_1_106' title='bbox 397 1343 456 1400; x_wconf 89' lang='lat' dir='ltr'>iem</span> <span class='ocrx_word' id='word_1_107' title='bbox 488 1342 629 1402; x_wconf 78' lang='lat' dir='ltr'>concedes</span> <span class='ocrx_word' id='word_1_108' title='bbox 659 1361 719 1401; x_wconf 90' lang='lat' dir='ltr'>non</span> <span class='ocrx_word' id='word_1_109' title='bbox 751 1360 814 1401; x_wconf 88' lang='lat' dir='ltr'>esse</span> <span class='ocrx_word' id='word_1_110' title='bbox 841 1343 1020 1402; x_wconf 89' lang='lat' dir='ltr'>credendum</span> <span class='ocrx_word' id='word_1_111' title='bbox 1042 1343 1281 1404; x_wconf 77' lang='lat' dir='ltr'>Andromacham</span> <span class='ocrx_word' id='word_1_112' title='bbox 1313 1345 1409 1404; x_wconf 85' lang='lat' dir='ltr'>fnisse</span> 
     </span>
     <span class='ocr_line' id='line_1_13' title="bbox 228 1428 1404 1492; baseline 0.002 -2"><span class='ocrx_word' id='word_1_113' title='bbox 228 1451 332 1491; x_wconf 89' lang='lat' dir='ltr'>verum</span> <span class='ocrx_word' id='word_1_114' title='bbox 369 1450 476 1490; x_wconf 90' lang='lat' dir='ltr'>nomeu</span> <span class='ocrx_word' id='word_1_115' title='bbox 512 1431 614 1490; x_wconf 87' lang='lat' dir='ltr'>uxoris</span> <span class='ocrx_word' id='word_1_116' title='bbox 651 1428 799 1492; x_wconf 86' lang='lat' dir='ltr'>Palladae.</span> <span class='ocrx_word' id='word_1_117' title='bbox 859 1432 959 1490; x_wconf 78' lang='lat' dir='ltr'>Etiam</span> <span class='ocrx_word' id='word_1_118' title='bbox 991 1432 1099 1492; x_wconf 88' lang='lat' dir='ltr'>liberos</span> <span class='ocrx_word' id='word_1_119' title='bbox 1130 1433 1223 1492; x_wconf 84' lang='lat' dir='ltr'>fuisse</span> <span class='ocrx_word' id='word_1_120' title='bbox 1260 1429 1404 1492; x_wconf 86' lang='lat' dir='ltr'>Palladae</span> 
     </span>
     <span class='ocr_line' id='line_1_14' title="bbox 228 1521 1407 1598; baseline 0 -18"><span class='ocrx_word' id='word_1_121' title='bbox 228 1541 275 1597; x_wconf 89' lang='lat' dir='ltr'>ep.</span> <span class='ocrx_word' id='word_1_122' title='bbox 309 1522 346 1580; x_wconf 77' lang='lat' dir='ltr'>X</span> <span class='ocrx_word' id='word_1_123' title='bbox 369 1522 421 1579; x_wconf 88' lang='lat'>86.</span> <span class='ocrx_word' id='word_1_124' title='bbox 453 1521 558 1579; x_wconf 92' lang='lat' dir='ltr'>docere</span> <span class='ocrx_word' id='word_1_125' title='bbox 589 1521 722 1593; x_wconf 84' lang='lat' dir='ltr'>videtur,</span> <span class='ocrx_word' id='word_1_126' title='bbox 752 1521 832 1578; x_wconf 85' lang='lat' dir='ltr'>inter</span> <span class='ocrx_word' id='word_1_127' title='bbox 858 1539 933 1596; x_wconf 89' lang='lat' dir='ltr'>quos</span> <span class='ocrx_word' id='word_1_128' title='bbox 960 1521 1083 1580; x_wconf 87' lang='lat' dir='ltr'>fortasse</span> <span class='ocrx_word' id='word_1_129' title='bbox 1111 1525 1175 1580; x_wconf 89' lang='lat' dir='ltr'>eret</span> <span class='ocrx_word' id='word_1_130' title='bbox 1197 1521 1259 1580; x_wconf 86' lang='lat' dir='ltr'>filia</span> <span class='ocrx_word' id='word_1_131' title='bbox 1282 1543 1328 1598; x_wconf 88' lang='lat' dir='ltr'>ep.</span> <span class='ocrx_word' id='word_1_132' title='bbox 1352 1523 1407 1580; x_wconf 90' lang='lat' dir='ltr'>IX.</span> 
     </span>
     <span class='ocr_line' id='line_1_15' title="bbox 231 1612 1406 1670; baseline -0.001 -2"><span class='ocrx_word' id='word_1_133' title='bbox 231 1612 413 1670; x_wconf 82' lang='grc'><strong>48911111.</strong></span> <span class='ocrx_word' id='word_1_134' title='bbox 1404 1634 1406 1638; x_wconf 94' lang='lat'>·</span> 
     </span>
    </p>

    <p class='ocr_par' dir='ltr' id='par_1_3' title="bbox 228 1698 1409 1864">
     <span class='ocr_line' id='line_1_16' title="bbox 317 1698 1409 1773; baseline 0.001 -16"><span class='ocrx_word' id='word_1_135' title='bbox 317 1699 375 1757; x_wconf 84' lang='lat' dir='ltr'>Sed</span> <span class='ocrx_word' id='word_1_136' title='bbox 397 1698 469 1758; x_wconf 87' lang='lat' dir='ltr'>baec</span> <span class='ocrx_word' id='word_1_137' title='bbox 492 1699 645 1757; x_wconf 84' lang='lat' dir='ltr'>hactenus:</span> <span class='ocrx_word' id='word_1_138' title='bbox 677 1698 795 1756; x_wconf 87' lang='lat' dir='ltr'>iamiam</span> <span class='ocrx_word' id='word_1_139' title='bbox 817 1701 854 1757; x_wconf 92' lang='lat' dir='ltr'>ut</span> <span class='ocrx_word' id='word_1_140' title='bbox 875 1699 1069 1773; x_wconf 89' lang='lat' dir='ltr'>videamus,</span> <span class='ocrx_word' id='word_1_141' title='bbox 1091 1701 1213 1757; x_wconf 90' lang='lat' dir='ltr'>utrum</span> <span class='ocrx_word' id='word_1_142' title='bbox 1236 1699 1409 1758; x_wconf 88' lang='lat' dir='ltr'>Pallades</span> 
     </span>
     <span class='ocr_line' id='line_1_17' title="bbox 228 1787 1269 1864; baseline 0 -17"><span class='ocrx_word' id='word_1_143' title='bbox 228 1787 454 1847; x_wconf 80' lang='lat' dir='ltr'>Christianus</span> <span class='ocrx_word' id='word_1_144' title='bbox 477 1807 519 1846; x_wconf 90' lang='lat' dir='ltr'>eu</span> <span class='ocrx_word' id='word_1_145' title='bbox 541 1805 699 1864; x_wconf 86' lang='lat' dir='ltr'>paganus</span> <span class='ocrx_word' id='word_1_146' title='bbox 720 1787 847 1862; x_wconf 84' lang='lat' dir='ltr'>suerit,</span> <span class='ocrx_word' id='word_1_147' title='bbox 869 1787 1038 1846; x_wconf 79' lang='lat' dir='ltr'>testimonie</span> <span class='ocrx_word' id='word_1_148' title='bbox 1061 1788 1269 1848; x_wconf 81' lang='lat' dir='ltr'>examinemus</span> 
     </span>
    </p>

    <p class='ocr_par' dir='ltr' id='par_1_4' title="bbox 226 1875 1409 2752">
     <span class='ocr_line' id='line_1_18' title="bbox 316 1875 1408 1954; baseline 0.002 -20"><span class='ocrx_word' id='word_1_149' title='bbox 316 1877 372 1952; x_wconf 82' lang='lat' dir='ltr'>llp.</span> <span class='ocrx_word' id='word_1_150' title='bbox 386 1876 438 1934; x_wconf 84' lang='lat' dir='ltr'>XI.</span> <span class='ocrx_word' id='word_1_151' title='bbox 455 1878 529 1935; x_wconf 77' lang='lat'><strong>384.</strong></span> <span class='ocrx_word' id='word_1_152' title='bbox 551 1875 657 1934; x_wconf 88' lang='lat' dir='ltr'>irridet</span> <span class='ocrx_word' id='word_1_153' title='bbox 678 1880 767 1952; x_wconf 89' lang='lat' dir='ltr'>poeta</span> <span class='ocrx_word' id='word_1_154' title='bbox 788 1894 897 1934; x_wconf 90' lang='lat' dir='ltr'>nomen</span> <span class='ocrx_word' id='word_1_155' title='bbox 918 1877 1138 1954; x_wconf 90' lang='lat' dir='ltr'>monachorum,</span> <span class='ocrx_word' id='word_1_156' title='bbox 1162 1878 1243 1953; x_wconf 92' lang='lat' dir='ltr'>quod</span> <span class='ocrx_word' id='word_1_157' title='bbox 1257 1881 1408 1954; x_wconf 83' lang='lat' dir='ltr'>repugnet</span> 
     </span>
     <span class='ocr_line' id='line_1_19' title="bbox 229 1965 1408 2042; baseline 0 -18"><span class='ocrx_word' id='word_1_158' title='bbox 229 1985 296 2024; x_wconf 89' lang='lat' dir='ltr'>cum</span> <span class='ocrx_word' id='word_1_159' title='bbox 328 1965 519 2024; x_wconf 85' lang='lat' dir='ltr'>multitudine</span> <span class='ocrx_word' id='word_1_160' title='bbox 551 1983 662 2025; x_wconf 91' lang='lat' dir='ltr'>eorum.</span> <span class='ocrx_word' id='word_1_161' title='bbox 711 1965 920 2024; x_wconf 84' lang='lat' dir='ltr'>Alexandriam</span> <span class='ocrx_word' id='word_1_162' title='bbox 951 1965 998 2024; x_wconf 91' lang='lat' dir='ltr'>his</span> <span class='ocrx_word' id='word_1_163' title='bbox 1030 1966 1215 2042; x_wconf 82' lang='lat' dir='ltr'>temporibus</span> <span class='ocrx_word' id='word_1_164' title='bbox 1246 1967 1408 2042; x_wconf 87' lang='lat' dir='ltr'>praecipue</span> 
     </span>
     <span class='ocr_line' id='line_1_20' title="bbox 227 2054 1409 2130; baseline 0.001 -18"><span class='ocrx_word' id='word_1_165' title='bbox 227 2055 409 2113; x_wconf 76' lang='lat' dir='ltr'>tumultibus</span> <span class='ocrx_word' id='word_1_166' title='bbox 447 2059 632 2112; x_wconf 85' lang='lat' dir='ltr'>catervarum</span> <span class='ocrx_word' id='word_1_167' title='bbox 670 2055 813 2112; x_wconf 86' lang='lat' dir='ltr'>ferocium</span> <span class='ocrx_word' id='word_1_168' title='bbox 851 2055 1062 2112; x_wconf 89' lang='lat' dir='ltr'>monachorum</span> <span class='ocrx_word' id='word_1_169' title='bbox 1100 2054 1307 2130; x_wconf 85' lang='lat' dir='ltr'>perturbatam</span> <span class='ocrx_word' id='word_1_170' title='bbox 1346 2073 1409 2114; x_wconf 86' lang='lat' dir='ltr'>esse</span> 
     </span>
     <span class='ocr_line' id='line_1_21' title="bbox 227 2142 1408 2219; baseline 0 -17"><span class='ocrx_word' id='word_1_171' title='bbox 227 2148 350 2202; x_wconf 86' lang='lat' dir='ltr'>narrent</span> <span class='ocrx_word' id='word_1_172' title='bbox 364 2143 523 2218; x_wconf 73' lang='lat' dir='ltr'>scriptores</span> <span class='ocrx_word' id='word_1_173' title='bbox 538 2144 684 2218; x_wconf 84' lang='lat' dir='ltr'>aequales,</span> <span class='ocrx_word' id='word_1_174' title='bbox 700 2144 730 2200; x_wconf 94' lang='lat' dir='ltr'>in</span> <span class='ocrx_word' id='word_1_175' title='bbox 746 2143 851 2218; x_wconf 90' lang='lat' dir='ltr'>primis</span> <span class='ocrx_word' id='word_1_176' title='bbox 862 2142 999 2202; x_wconf 83' lang='lat' dir='ltr'>Socrates</span> <span class='ocrx_word' id='word_1_177' title='bbox 1014 2143 1046 2200; x_wconf 91' lang='lat' dir='ltr'>in</span> <span class='ocrx_word' id='word_1_178' title='bbox 1060 2142 1128 2202; x_wconf 85' lang='lat' dir='ltr'>hist</span> <span class='ocrx_word' id='word_1_179' title='bbox 1145 2143 1229 2218; x_wconf 84' lang='lat' dir='ltr'>eccl.;</span> <span class='ocrx_word' id='word_1_180' title='bbox 1245 2143 1408 2219; x_wconf 85' lang='lat' dir='ltr'>Hypetiem</span> 
     </span>
     <span class='ocr_line' id='line_1_22' title="bbox 229 2232 1408 2310; baseline 0 -19"><span class='ocrx_word' id='word_1_181' title='bbox 229 2251 347 2308; x_wconf 90' lang='lat' dir='ltr'>quoque</span> <span class='ocrx_word' id='word_1_182' title='bbox 374 2233 474 2310; x_wconf 83' lang='lat' dir='ltr'>lurore</span> <span class='ocrx_word' id='word_1_183' title='bbox 500 2232 629 2290; x_wconf 86' lang='lat' dir='ltr'>fanatico</span> <span class='ocrx_word' id='word_1_184' title='bbox 656 2233 781 2291; x_wconf 88' lang='lat' dir='ltr'>istorum</span> <span class='ocrx_word' id='word_1_185' title='bbox 810 2250 936 2308; x_wconf 84' lang='lat' dir='ltr'>gregum</span> <span class='ocrx_word' id='word_1_186' title='bbox 964 2233 1086 2307; x_wconf 84' lang='lat' dir='ltr'>periisse</span> <span class='ocrx_word' id='word_1_187' title='bbox 1114 2235 1217 2290; x_wconf 90' lang='lat' dir='ltr'>notum</span> <span class='ocrx_word' id='word_1_188' title='bbox 1241 2236 1295 2292; x_wconf 82' lang='lat' dir='ltr'>est</span> <span class='ocrx_word' id='word_1_189' title='bbox 1342 2233 1408 2291; x_wconf 91' lang='lat' dir='ltr'>Hoc</span> 
     </span>
     <span class='ocr_line' id='line_1_23' title="bbox 229 2320 1408 2398; baseline 0 -19"><span class='ocrx_word' id='word_1_190' title='bbox 229 2340 358 2397; x_wconf 79' lang='lat' dir='ltr'>speum</span> <span class='ocrx_word' id='word_1_191' title='bbox 381 2340 426 2396; x_wconf 90' lang='lat' dir='ltr'>ep.</span> <span class='ocrx_word' id='word_1_192' title='bbox 441 2321 494 2380; x_wconf 86' lang='lat' dir='ltr'>IX.</span> <span class='ocrx_word' id='word_1_193' title='bbox 511 2321 585 2394; x_wconf 82' lang='lat'>400,</span> <span class='ocrx_word' id='word_1_194' title='bbox 607 2339 666 2396; x_wconf 90' lang='lat' dir='ltr'>quo</span> <span class='ocrx_word' id='word_1_195' title='bbox 683 2320 846 2396; x_wconf 85' lang='lat' dir='ltr'>Hypetiam</span> <span class='ocrx_word' id='word_1_196' title='bbox 860 2324 1016 2396; x_wconf 87' lang='lat' dir='ltr'>tantopere</span> <span class='ocrx_word' id='word_1_197' title='bbox 1030 2320 1143 2395; x_wconf 88' lang='lat' dir='ltr'>laudet,</span> <span class='ocrx_word' id='word_1_198' title='bbox 1160 2321 1408 2398; x_wconf 85' lang='lat' dir='ltr'>coniungentibus</span> 
     </span>
     <span class='ocr_line' id='line_1_24' title="bbox 227 2409 1407 2486; baseline 0.002 -18"><span class='ocrx_word' id='word_1_199' title='bbox 227 2409 312 2468; x_wconf 90' lang='lat' dir='ltr'>nobis</span> <span class='ocrx_word' id='word_1_200' title='bbox 334 2427 393 2467; x_wconf 90' lang='lat' dir='ltr'>non</span> <span class='ocrx_word' id='word_1_201' title='bbox 415 2413 461 2469; x_wconf 91' lang='lat' dir='ltr'>est</span> <span class='ocrx_word' id='word_1_202' title='bbox 488 2410 609 2469; x_wconf 88' lang='lat' dir='ltr'>difficile</span> <span class='ocrx_word' id='word_1_203' title='bbox 635 2411 816 2486; x_wconf 85' lang='lat' dir='ltr'>perspicere,</span> <span class='ocrx_word' id='word_1_204' title='bbox 844 2409 881 2467; x_wconf 91' lang='lat' dir='ltr'>ab</span> <span class='ocrx_word' id='word_1_205' title='bbox 908 2413 977 2468; x_wconf 86' lang='grc'><strong>1111</strong></span> <span class='ocrx_word' id='word_1_206' title='bbox 1004 2416 1088 2484; x_wconf 84' lang='lat' dir='ltr'>perte</span> <span class='ocrx_word' id='word_1_207' title='bbox 1117 2410 1255 2470; x_wconf 87' lang='lat' dir='ltr'>Palladas</span> <span class='ocrx_word' id='word_1_208' title='bbox 1282 2411 1407 2470; x_wconf 85' lang='lat' dir='ltr'>steterit</span> 
     </span>
     <span class='ocr_line' id='line_1_25' title="bbox 227 2497 1407 2574; baseline -0.001 -17"><span class='ocrx_word' id='word_1_209' title='bbox 227 2497 399 2558; x_wconf 79' lang='lat' dir='ltr'>Christianis</span> <span class='ocrx_word' id='word_1_210' title='bbox 422 2517 491 2556; x_wconf 90' lang='lat' dir='ltr'>eum</span> <span class='ocrx_word' id='word_1_211' title='bbox 514 2499 714 2558; x_wconf 88' lang='lat' dir='ltr'>succensuisse</span> <span class='ocrx_word' id='word_1_212' title='bbox 736 2499 827 2556; x_wconf 87' lang='lat' dir='ltr'>etiam</span> <span class='ocrx_word' id='word_1_213' title='bbox 850 2519 884 2556; x_wconf 88' lang='lat' dir='ltr'>ex</span> <span class='ocrx_word' id='word_1_214' title='bbox 907 2518 953 2574; x_wconf 90' lang='lat' dir='ltr'>ep.</span> <span class='ocrx_word' id='word_1_215' title='bbox 969 2498 1020 2558; x_wconf 86' lang='lat' dir='ltr'>IX.</span> <span class='ocrx_word' id='word_1_216' title='bbox 1038 2500 1112 2558; x_wconf 85' lang='lat'><strong>528.</strong></span> <span class='ocrx_word' id='word_1_217' title='bbox 1136 2499 1240 2573; x_wconf 89' lang='lat' dir='ltr'>elucet,</span> <span class='ocrx_word' id='word_1_218' title='bbox 1264 2499 1346 2574; x_wconf 93' lang='lat' dir='ltr'>quod</span> <span class='ocrx_word' id='word_1_219' title='bbox 1361 2499 1407 2556; x_wconf 91' lang='lat' dir='ltr'>illi</span> 
     </span>
     <span class='ocr_line' id='line_1_26' title="bbox 226 2587 1409 2663; baseline -0.001 -18"><span class='ocrx_word' id='word_1_220' title='bbox 226 2588 351 2646; x_wconf 88' lang='lat' dir='ltr'>deorum</span> <span class='ocrx_word' id='word_1_221' title='bbox 373 2587 530 2646; x_wconf 88' lang='lat' dir='ltr'>simulacre</span> <span class='ocrx_word' id='word_1_222' title='bbox 551 2588 745 2663; x_wconf 72' lang='lat' dir='ltr'>mutaverint,</span> <span class='ocrx_word' id='word_1_223' title='bbox 768 2588 917 2663; x_wconf 84' lang='lat' dir='ltr'>persimile</span> <span class='ocrx_word' id='word_1_224' title='bbox 941 2592 987 2646; x_wconf 88' lang='lat' dir='ltr'>est</span> <span class='ocrx_word' id='word_1_225' title='bbox 1009 2607 1054 2663; x_wconf 88' lang='lat' dir='ltr'>ep.</span> <span class='ocrx_word' id='word_1_226' title='bbox 1077 2587 1129 2644; x_wconf 89' lang='lat' dir='ltr'>IX.</span> <span class='ocrx_word' id='word_1_227' title='bbox 1154 2589 1228 2658; x_wconf 80' lang='grc'><strong>441,</strong></span> <span class='ocrx_word' id='word_1_228' title='bbox 1252 2606 1312 2662; x_wconf 93' lang='lat' dir='ltr'>qno</span> <span class='ocrx_word' id='word_1_229' title='bbox 1335 2587 1409 2646; x_wconf 91' lang='lat' dir='ltr'>dicit</span> 
     </span>
     <span class='ocr_line' id='line_1_27' title="bbox 226 2676 1057 2752; baseline -0.001 -18"><span class='ocrx_word' id='word_1_230' title='bbox 226 2677 370 2736; x_wconf 84' lang='lat' dir='ltr'>Hercules</span> <span class='ocrx_word' id='word_1_231' title='bbox 393 2695 512 2736; x_wconf 84' lang='lat' dir='ltr'>eversus</span> <span class='ocrx_word' id='word_1_232' title='bbox 532 2696 564 2736; x_wconf 90' lang='lat' dir='ltr'>se</span> <span class='ocrx_word' id='word_1_233' title='bbox 587 2677 763 2752; x_wconf 85' lang='lat' dir='ltr'>prudentem</span> <span class='ocrx_word' id='word_1_234' title='bbox 786 2676 916 2751; x_wconf 92' lang='lat' dir='ltr'>tempori</span> <span class='ocrx_word' id='word_1_235' title='bbox 939 2677 1057 2734; x_wconf 89' lang='lat' dir='ltr'>servire.</span> 
     </span>
    </p>

    <p class='ocr_par' dir='ltr' id='par_1_5' title="bbox 225 2763 1408 3994">
     <span class='ocr_line' id='line_1_28' title="bbox 315 2763 1406 2842; baseline 0 -20"><span class='ocrx_word' id='word_1_236' title='bbox 315 2765 389 2841; x_wconf 76' lang='lat' dir='ltr'>llpp.</span> <span class='ocrx_word' id='word_1_237' title='bbox 405 2766 441 2822; x_wconf 71' lang='lat' dir='ltr'>X„</span> <span class='ocrx_word' id='word_1_238' title='bbox 458 2767 510 2824; x_wconf 80' lang='lat'>90.</span> <span class='ocrx_word' id='word_1_239' title='bbox 531 2766 637 2836; x_wconf 83' lang='grc'><strong>1191,</strong></span> <span class='ocrx_word' id='word_1_240' title='bbox 661 2784 844 2842; x_wconf 89' lang='lat' dir='ltr'>quamquem</span> <span class='ocrx_word' id='word_1_241' title='bbox 867 2765 939 2840; x_wconf 92' lang='lat' dir='ltr'>quid</span> <span class='ocrx_word' id='word_1_242' title='bbox 963 2764 1136 2841; x_wconf 87' lang='lat' dir='ltr'>significent,</span> <span class='ocrx_word' id='word_1_243' title='bbox 1158 2765 1290 2823; x_wconf 88' lang='lat' dir='ltr'>nondum</span> <span class='ocrx_word' id='word_1_244' title='bbox 1314 2763 1406 2840; x_wconf 86' lang='lat' dir='ltr'>expli·</span> 
     </span>
     <span class='ocr_line' id='line_1_29' title="bbox 228 2853 1408 2930; baseline -0.002 -17"><span class='ocrx_word' id='word_1_245' title='bbox 228 2855 290 2913; x_wconf 88' lang='lat' dir='ltr'>ceri</span> <span class='ocrx_word' id='word_1_246' title='bbox 311 2856 421 2929; x_wconf 89' lang='lat' dir='ltr'>potest,</span> <span class='ocrx_word' id='word_1_247' title='bbox 443 2858 543 2913; x_wconf 89' lang='lat' dir='ltr'>temen</span> <span class='ocrx_word' id='word_1_248' title='bbox 558 2855 590 2913; x_wconf 92' lang='lat' dir='ltr'>id</span> <span class='ocrx_word' id='word_1_249' title='bbox 604 2874 699 2912; x_wconf 89' lang='lat' dir='ltr'>unum</span> <span class='ocrx_word' id='word_1_250' title='bbox 714 2854 874 2912; x_wconf 90' lang='lat' dir='ltr'>ostendunt</span> <span class='ocrx_word' id='word_1_251' title='bbox 895 2855 998 2930; x_wconf 89' lang='lat' dir='ltr'>lugere</span> <span class='ocrx_word' id='word_1_252' title='bbox 1013 2856 1142 2929; x_wconf 87' lang='lat' dir='ltr'>poetam,</span> <span class='ocrx_word' id='word_1_253' title='bbox 1164 2853 1246 2928; x_wconf 92' lang='lat' dir='ltr'>quod</span> <span class='ocrx_word' id='word_1_254' title='bbox 1261 2853 1408 2912; x_wconf 87' lang='lat' dir='ltr'>maiorum</span> 
     </span>
     <span class='ocr_line' id='line_1_30' title="bbox 225 2941 1404 3020; baseline -0.001 -18"><span class='ocrx_word' id='word_1_255' title='bbox 225 2943 325 3002; x_wconf 84' lang='lat' dir='ltr'>cultus</span> <span class='ocrx_word' id='word_1_256' title='bbox 347 2943 469 3001; x_wconf 88' lang='lat' dir='ltr'>deorum</span> <span class='ocrx_word' id='word_1_257' title='bbox 492 2947 608 3019; x_wconf 87' lang='lat' dir='ltr'>pereat,</span> <span class='ocrx_word' id='word_1_258' title='bbox 633 2947 666 3002; x_wconf 90' lang='lat' dir='ltr'>et</span> <span class='ocrx_word' id='word_1_259' title='bbox 687 2943 774 3002; x_wconf 86' lang='lat' dir='ltr'>irasci</span> <span class='ocrx_word' id='word_1_260' title='bbox 796 2943 933 3020; x_wconf 84' lang='lat' dir='ltr'>religioni</span> <span class='ocrx_word' id='word_1_261' title='bbox 955 2941 1152 3014; x_wconf 75' lang='lat' dir='ltr'>Christianae,</span> <span class='ocrx_word' id='word_1_262' title='bbox 1180 2961 1258 3018; x_wconf 90' lang='lat' dir='ltr'>quae</span> <span class='ocrx_word' id='word_1_263' title='bbox 1285 2943 1317 3000; x_wconf 93' lang='lat' dir='ltr'>in</span> <span class='ocrx_word' id='word_1_264' title='bbox 1339 2943 1404 3002; x_wconf 90' lang='lat' dir='ltr'>dies</span> 
     </span>
     <span class='ocr_line' id='line_1_31' title="bbox 226 3025 1406 3112; baseline -0.001 -21"><span class='ocrx_word' id='word_1_265' title='bbox 226 3035 349 3102; x_wconf 82' lang='lat' dir='ltr'>crescat,</span> <span class='ocrx_word' id='word_1_266' title='bbox 380 3025 617 3112; x_wconf 68' lang='grc' dir='ltr'><strong>11111Ἕλληνες</strong></span> <span class='ocrx_word' id='word_1_267' title='bbox 644 3032 703 3090; x_wconf 92' lang='lat' dir='ltr'>illis</span> <span class='ocrx_word' id='word_1_268' title='bbox 730 3033 790 3090; x_wconf 92' lang='lat' dir='ltr'>iam</span> <span class='ocrx_word' id='word_1_269' title='bbox 821 3031 1005 3106; x_wconf 90' lang='lat' dir='ltr'>temporibus</span> <span class='ocrx_word' id='word_1_270' title='bbox 1033 3031 1108 3089; x_wconf 92' lang='lat' dir='ltr'>nulli</span> <span class='ocrx_word' id='word_1_271' title='bbox 1134 3032 1325 3106; x_wconf 84' lang='lat' dir='ltr'>appellantur</span> <span class='ocrx_word' id='word_1_272' title='bbox 1347 3031 1406 3090; x_wconf 92' lang='lat' dir='ltr'>nisi</span> 
     </span>
     <span class='ocr_line' id='line_1_32' title="bbox 226 3111 1406 3200; baseline 0.002 -23"><span class='ocrx_word' id='word_1_273' title='bbox 226 3114 374 3198; x_wconf 85' lang='lat' dir='ltr'>pagani.¹)</span> <span class='ocrx_word' id='word_1_274' title='bbox 420 3120 535 3190; x_wconf 84' lang='lat' dir='ltr'>Quibus</span> <span class='ocrx_word' id='word_1_275' title='bbox 557 3122 589 3180; x_wconf 90' lang='lat' dir='ltr'>in</span> <span class='ocrx_word' id='word_1_276' title='bbox 611 3141 677 3197; x_wconf 90' lang='lat' dir='ltr'>epp.</span> <span class='ocrx_word' id='word_1_277' title='bbox 701 3121 838 3180; x_wconf 85' lang='lat' dir='ltr'>Pallades</span> <span class='ocrx_word' id='word_1_278' title='bbox 866 3139 897 3179; x_wconf 92' lang='lat' dir='ltr'>se</span> <span class='ocrx_word' id='word_1_279' title='bbox 925 3121 1024 3195; x_wconf 88' lang='lat' dir='ltr'>ipsum</span> <span class='ocrx_word' id='word_1_280' title='bbox 1051 3121 1082 3178; x_wconf 93' lang='lat' dir='ltr'>in</span> <span class='ocrx_word' id='word_1_281' title='bbox 1103 3111 1235 3200; x_wconf 81' lang='grc' dir='ltr'><strong><em>Ἕλλησι</em></strong></span> <span class='ocrx_word' id='word_1_282' title='bbox 1261 3123 1406 3179; x_wconf 78' lang='lat' dir='ltr'>numeret</span> 
     </span>
     <span class='ocr_line' id='line_1_33' title="bbox 226 3208 1407 3287; baseline -0.003 -19"><span class='ocrx_word' id='word_1_283' title='bbox 226 3211 284 3268; x_wconf 90' lang='lat' dir='ltr'>Hie</span> <span class='ocrx_word' id='word_1_284' title='bbox 316 3210 474 3268; x_wconf 88' lang='lat' dir='ltr'>coniecerit</span> <span class='ocrx_word' id='word_1_285' title='bbox 503 3210 652 3287; x_wconf 89' lang='lat' dir='ltr'>quispiam</span> <span class='ocrx_word' id='word_1_286' title='bbox 686 3209 839 3268; x_wconf 85' lang='lat' dir='ltr'>Palladem</span> <span class='ocrx_word' id='word_1_287' title='bbox 861 3209 1040 3284; x_wconf 87' lang='lat' dir='ltr'>baptismate</span> <span class='ocrx_word' id='word_1_288' title='bbox 1069 3208 1266 3267; x_wconf 78' lang='lat' dir='ltr'>Christianum</span> <span class='ocrx_word' id='word_1_289' title='bbox 1294 3210 1407 3266; x_wconf 89' lang='lat' dir='ltr'>factum</span> 
     </span>
     <span class='ocr_line' id='line_1_34' title="bbox 226 3297 1407 3374; baseline -0.003 -16"><span class='ocrx_word' id='word_1_290' title='bbox 226 3299 323 3374; x_wconf 90' lang='lat' dir='ltr'>specie</span> <span class='ocrx_word' id='word_1_291' title='bbox 346 3317 451 3359; x_wconf 87' lang='lat' dir='ltr'>novem</span> <span class='ocrx_word' id='word_1_292' title='bbox 474 3299 563 3357; x_wconf 87' lang='lat' dir='ltr'>fidem</span> <span class='ocrx_word' id='word_1_293' title='bbox 586 3301 753 3374; x_wconf 83' lang='lat' dir='ltr'>professum</span> <span class='ocrx_word' id='word_1_294' title='bbox 775 3317 846 3372; x_wconf 91' lang='lat' dir='ltr'>esse,</span> <span class='ocrx_word' id='word_1_295' title='bbox 870 3317 939 3356; x_wconf 91' lang='lat' dir='ltr'>eum</span> <span class='ocrx_word' id='word_1_296' title='bbox 961 3303 997 3356; x_wconf 91' lang='lat' dir='ltr'>ut</span> <span class='ocrx_word' id='word_1_297' title='bbox 1017 3297 1178 3356; x_wconf 87' lang='lat' dir='ltr'>Herculem</span> <span class='ocrx_word' id='word_1_298' title='bbox 1202 3315 1338 3356; x_wconf 89' lang='lat' dir='ltr'>eversum</span> <span class='ocrx_word' id='word_1_299' title='bbox 1362 3317 1407 3372; x_wconf 85' lang='lat' dir='ltr'>ep.</span> 
     </span>
     <span class='ocr_line' id='line_1_35' title="bbox 225 3385 1407 3464; baseline -0.003 -18"><span class='ocrx_word' id='word_1_300' title='bbox 225 3388 277 3446; x_wconf 85' lang='lat' dir='ltr'>IX.</span> <span class='ocrx_word' id='word_1_301' title='bbox 301 3388 375 3447; x_wconf 85' lang='grc'><strong>441.</strong></span> <span class='ocrx_word' id='word_1_302' title='bbox 406 3389 583 3464; x_wconf 88' lang='lat' dir='ltr'>prudentem</span> <span class='ocrx_word' id='word_1_303' title='bbox 614 3389 743 3464; x_wconf 88' lang='lat' dir='ltr'>tempori</span> <span class='ocrx_word' id='word_1_304' title='bbox 776 3387 942 3456; x_wconf 88' lang='lat' dir='ltr'>servivisse,</span> <span class='ocrx_word' id='word_1_305' title='bbox 976 3406 1044 3444; x_wconf 89' lang='lat' dir='ltr'>eum</span> <span class='ocrx_word' id='word_1_306' title='bbox 1075 3386 1201 3444; x_wconf 85' lang='lat' dir='ltr'>fortasse</span> <span class='ocrx_word' id='word_1_307' title='bbox 1233 3385 1328 3443; x_wconf 89' lang='lat' dir='ltr'>eidem</span> <span class='ocrx_word' id='word_1_308' title='bbox 1361 3405 1407 3461; x_wconf 89' lang='lat' dir='ltr'>ep.</span> 
     </span>
     <span class='ocr_line' id='line_1_36' title="bbox 226 3473 1406 3552; baseline -0.001 -17"><span class='ocrx_word' id='word_1_309' title='bbox 226 3494 345 3536; x_wconf 87' lang='lat' dir='ltr'>sensum</span> <span class='ocrx_word' id='word_1_310' title='bbox 376 3477 601 3552; x_wconf 86' lang='lat' dir='ltr'>profundiorem</span> <span class='ocrx_word' id='word_1_311' title='bbox 633 3477 791 3536; x_wconf 85' lang='lat' dir='ltr'>subiecisse</span> <span class='ocrx_word' id='word_1_312' title='bbox 818 3495 849 3535; x_wconf 87' lang='lat' dir='ltr'>se</span> <span class='ocrx_word' id='word_1_313' title='bbox 881 3475 1104 3548; x_wconf 84' lang='lat' dir='ltr'>defendentem,</span> <span class='ocrx_word' id='word_1_314' title='bbox 1132 3474 1212 3549; x_wconf 88' lang='lat' dir='ltr'>quod</span> <span class='ocrx_word' id='word_1_315' title='bbox 1241 3473 1406 3534; x_wconf 79' lang='lat' dir='ltr'>defecisset</span> 
     </span>
     <span class='ocr_line' id='line_1_37' title="bbox 227 3564 1407 3642; baseline -0.003 -18"><span class='ocrx_word' id='word_1_316' title='bbox 227 3565 326 3624; x_wconf 83' lang='lat' dir='ltr'>Mente</span> <span class='ocrx_word' id='word_1_317' title='bbox 349 3569 447 3624; x_wconf 90' lang='lat' dir='ltr'>antem</span> <span class='ocrx_word' id='word_1_318' title='bbox 471 3570 503 3624; x_wconf 89' lang='lat' dir='ltr'>et</span> <span class='ocrx_word' id='word_1_319' title='bbox 525 3565 624 3624; x_wconf 88' lang='lat' dir='ltr'>animo</span> <span class='ocrx_word' id='word_1_320' title='bbox 646 3584 780 3642; x_wconf 81' lang='lat' dir='ltr'>paganus</span> <span class='ocrx_word' id='word_1_321' title='bbox 801 3565 918 3636; x_wconf 88' lang='lat' dir='ltr'>mansit,</span> <span class='ocrx_word' id='word_1_322' title='bbox 939 3564 1021 3640; x_wconf 89' lang='lat' dir='ltr'>quod</span> <span class='ocrx_word' id='word_1_323' title='bbox 1045 3564 1135 3621; x_wconf 89' lang='lat' dir='ltr'>etiam</span> <span class='ocrx_word' id='word_1_324' title='bbox 1158 3583 1225 3639; x_wconf 92' lang='lat' dir='ltr'>epp.</span> <span class='ocrx_word' id='word_1_325' title='bbox 1245 3565 1281 3621; x_wconf 86' lang='lat' dir='ltr'>X.</span> <span class='ocrx_word' id='word_1_326' title='bbox 1299 3565 1351 3622; x_wconf 89' lang='grc'><strong>90.</strong></span> <span class='ocrx_word' id='word_1_327' title='bbox 1375 3565 1407 3620; x_wconf 90' lang='lat' dir='ltr'>et</span> 
     </span>
     <span class='ocr_line' id='line_1_38' title="bbox 228 3643 1407 3731; baseline -0.002 -19"><span class='ocrx_word' id='word_1_328' title='bbox 228 3656 279 3712; x_wconf 87' lang='grc'>91.</span> <span class='ocrx_word' id='word_1_329' title='bbox 302 3657 460 3714; x_wconf 86' lang='lat' dir='ltr'>testentur.</span> <span class='ocrx_word' id='word_1_330' title='bbox 498 3655 576 3712; x_wconf 87' lang='lat' dir='ltr'>Item</span> <span class='ocrx_word' id='word_1_331' title='bbox 598 3655 750 3713; x_wconf 82' lang='lat' dir='ltr'>Palladem</span> <span class='ocrx_word' id='word_1_332' title='bbox 773 3654 872 3712; x_wconf 92' lang='lat' dir='ltr'>dolere</span> <span class='ocrx_word' id='word_1_333' title='bbox 894 3653 983 3712; x_wconf 84' lang='lat' dir='ltr'>nebus</span> <span class='ocrx_word' id='word_1_334' title='bbox 1006 3653 1137 3712; x_wconf 80' lang='lat' dir='ltr'>adversis</span> <span class='ocrx_word' id='word_1_335' title='bbox 1160 3643 1316 3731; x_wconf 75' lang='grc' dir='ltr'><em>Ἑλλήνων</em></span> <span class='ocrx_word' id='word_1_336' title='bbox 1337 3671 1407 3727; x_wconf 91' lang='lat' dir='ltr'>epp.</span> 
     </span>
     <span class='ocr_line' id='line_1_39' title="bbox 226 3734 1405 3820; baseline -0.003 -20"><span class='ocrx_word' id='word_1_337' title='bbox 226 3745 262 3803; x_wconf 89' lang='lat' dir='ltr'>X.</span> <span class='ocrx_word' id='word_1_338' title='bbox 287 3744 338 3803; x_wconf 86' lang='lat'>89.</span> <span class='ocrx_word' id='word_1_339' title='bbox 361 3748 393 3802; x_wconf 91' lang='lat' dir='ltr'>et</span> <span class='ocrx_word' id='word_1_340' title='bbox 416 3745 467 3803; x_wconf 83' lang='lat'>82.</span> <span class='ocrx_word' id='word_1_341' title='bbox 491 3744 671 3815; x_wconf 88' lang='lat' dir='ltr'>ostenditur,</span> <span class='ocrx_word' id='word_1_342' title='bbox 704 3762 833 3820; x_wconf 89' lang='lat' dir='ltr'>quorum</span> <span class='ocrx_word' id='word_1_343' title='bbox 854 3742 885 3800; x_wconf 91' lang='lat' dir='ltr'>in</span> <span class='ocrx_word' id='word_1_344' title='bbox 908 3743 1071 3817; x_wconf 89' lang='lat' dir='ltr'>posteriore</span> <span class='ocrx_word' id='word_1_345' title='bbox 1094 3761 1162 3800; x_wconf 91' lang='lat' dir='ltr'>eum</span> <span class='ocrx_word' id='word_1_346' title='bbox 1185 3741 1266 3800; x_wconf 90' lang='lat' dir='ltr'>dicat</span> <span class='ocrx_word' id='word_1_347' title='bbox 1292 3734 1405 3816; x_wconf 81' lang='grc' dir='ltr'><em>ζῶμεν,</em></span> 
     </span>
     <span class='ocr_line' id='line_1_40' title="bbox 227 3829 1407 3908; baseline -0.003 -18"><span class='ocrx_word' id='word_1_348' title='bbox 227 3851 258 3890; x_wconf 84' lang='grc'>11</span> <span class='ocrx_word' id='word_1_349' title='bbox 289 3832 390 3908; x_wconf 90' lang='lat' dir='ltr'>ipsum</span> <span class='ocrx_word' id='word_1_350' title='bbox 421 3833 556 3892; x_wconf 85' lang='lat' dir='ltr'>includit.</span> <span class='ocrx_word' id='word_1_351' title='bbox 601 3833 737 3892; x_wconf 82' lang='lat' dir='ltr'>Fortasse</span> <span class='ocrx_word' id='word_1_352' title='bbox 768 3833 827 3890; x_wconf 89' lang='lat' dir='ltr'>huc</span> <span class='ocrx_word' id='word_1_353' title='bbox 858 3831 917 3888; x_wconf 80' lang='lat' dir='ltr'>trie</span> <span class='ocrx_word' id='word_1_354' title='bbox 948 3850 1014 3906; x_wconf 91' lang='lat' dir='ltr'>epp.</span> <span class='ocrx_word' id='word_1_355' title='bbox 1043 3831 1073 3887; x_wconf 94' lang='lat' dir='ltr'>in</span> <span class='ocrx_word' id='word_1_356' title='bbox 1101 3831 1263 3888; x_wconf 82' lang='lat' dir='ltr'>Fortunam</span> <span class='ocrx_word' id='word_1_357' title='bbox 1296 3829 1407 3903; x_wconf 80' lang='lat' dir='ltr'>scripte</span> 
     </span>
     <span class='ocr_line' id='line_1_41' title="bbox 227 3918 1406 3994; baseline -0.004 -16"><span class='ocrx_word' id='word_1_358' title='bbox 227 3921 660 3981; x_wconf 50' lang='grc' dir='ltr'><strong>ΠΕΟ-1811111111</strong></span> <span class='ocrx_word' id='word_1_359' title='bbox 682 3925 765 3994; x_wconf 89' lang='lat' dir='ltr'>sunt,</span> <span class='ocrx_word' id='word_1_360' title='bbox 788 3921 873 3980; x_wconf 89' lang='lat' dir='ltr'>cuius</span> <span class='ocrx_word' id='word_1_361' title='bbox 896 3920 1043 3994; x_wconf 87' lang='lat' dir='ltr'>templum</span> <span class='ocrx_word' id='word_1_362' title='bbox 1065 3918 1096 3976; x_wconf 94' lang='lat' dir='ltr'>in</span> <span class='ocrx_word' id='word_1_363' title='bbox 1119 3936 1282 3993; x_wconf 86' lang='lat' dir='ltr'>cauponam</span> <span class='ocrx_word' id='word_1_364' title='bbox 1305 3919 1406 3974; x_wconf 88' lang='lat' dir='ltr'>mute·</span> 
     </span>
    </p>
   </div>
   <div class='ocr_carea' id='block_1_3' title="bbox 226 4086 1443 4456">
    <p class='ocr_par' dir='ltr' id='par_1_6' title="bbox 226 4086 1428 4304">
     <span class='ocr_line' id='line_1_42' title="bbox 318 4086 1405 4164; baseline -0.006 -17"><span class='ocrx_word' id='word_1_365' title='bbox 318 4093 341 4161; x_wconf 86' lang='lat'>¹)</span> <span class='ocrx_word' id='word_1_366' title='bbox 358 4092 432 4146; x_wconf 81' lang='lat' dir='ltr'>Cum</span> <span class='ocrx_word' id='word_1_367' title='bbox 450 4093 586 4147; x_wconf 89' lang='lat' dir='ltr'>omnibus</span> <span class='ocrx_word' id='word_1_368' title='bbox 603 4091 783 4164; x_wconf 87' lang='lat' dir='ltr'>temporibus</span> <span class='ocrx_word' id='word_1_369' title='bbox 802 4091 838 4146; x_wconf 91' lang='lat' dir='ltr'>de</span> <span class='ocrx_word' id='word_1_370' title='bbox 856 4107 949 4145; x_wconf 85' lang='lat' dir='ltr'>uxore</span> <span class='ocrx_word' id='word_1_371' title='bbox 961 4088 1142 4162; x_wconf 87' lang='lat' dir='ltr'>repudianda</span> <span class='ocrx_word' id='word_1_372' title='bbox 1153 4089 1234 4158; x_wconf 86' lang='lat' dir='ltr'>leges</span> <span class='ocrx_word' id='word_1_373' title='bbox 1246 4089 1325 4142; x_wconf 86' lang='lat' dir='ltr'>latae</span> <span class='ocrx_word' id='word_1_374' title='bbox 1337 4086 1405 4155; x_wconf 81' lang='lat' dir='ltr'>sint,</span> 
     </span>
     <span class='ocr_line' id='line_1_43' title="bbox 226 4159 1405 4235; baseline -0.003 -20"><span class='ocrx_word' id='word_1_375' title='bbox 226 4162 283 4216; x_wconf 90' lang='lat' dir='ltr'>hoc</span> <span class='ocrx_word' id='word_1_376' title='bbox 302 4179 345 4235; x_wconf 88' lang='lat' dir='ltr'>ep.</span> <span class='ocrx_word' id='word_1_377' title='bbox 366 4171 473 4218; x_wconf 89' lang='lat' dir='ltr'>certem</span> <span class='ocrx_word' id='word_1_378' title='bbox 491 4164 585 4234; x_wconf 88' lang='lat' dir='ltr'>legem</span> <span class='ocrx_word' id='word_1_379' title='bbox 603 4164 775 4232; x_wconf 87' lang='lat' dir='ltr'>significari,</span> <span class='ocrx_word' id='word_1_380' title='bbox 797 4164 917 4218; x_wconf 84' lang='lat' dir='ltr'>fortasse</span> <span class='ocrx_word' id='word_1_381' title='bbox 934 4163 1030 4234; x_wconf 86' lang='lat' dir='ltr'>legem</span> <span class='ocrx_word' id='word_1_382' title='bbox 1048 4178 1068 4234; x_wconf 81' lang='lat' dir='ltr'>a</span> <span class='ocrx_word' id='word_1_383' title='bbox 1085 4160 1278 4216; x_wconf 80' lang='lat' dir='ltr'>Constantino</span> <span class='ocrx_word' id='word_1_384' title='bbox 1298 4177 1324 4214; x_wconf 88' lang='grc'>1.</span> <span class='ocrx_word' id='word_1_385' title='bbox 1342 4159 1405 4213; x_wconf 86' lang='grc'><strong>351.</strong></span> 
     </span>
     <span class='ocr_line' id='line_1_44' title="bbox 226 4233 1428 4304; baseline -0.001 -17"><span class='ocrx_word' id='word_1_386' title='bbox 226 4233 317 4296; x_wconf 87' lang='lat' dir='ltr'>latam</span> <span class='ocrx_word' id='word_1_387' title='bbox 336 4235 399 4291; x_wconf 89' lang='lat' dir='ltr'>cod.</span> <span class='ocrx_word' id='word_1_388' title='bbox 418 4234 691 4304; x_wconf 79' lang='grc' dir='ltr'><strong>Τ111111.ΠΙ,16,1.</strong></span> <span class='ocrx_word' id='word_1_389' title='bbox 711 4251 827 4288; x_wconf 89' lang='lat' dir='ltr'>censere</span> <span class='ocrx_word' id='word_1_390' title='bbox 846 4233 985 4288; x_wconf 87' lang='lat' dir='ltr'>audacius</span> <span class='ocrx_word' id='word_1_391' title='bbox 1004 4239 1056 4288; x_wconf 89' lang='lat' dir='ltr'>est.</span> <span class='ocrx_word' id='word_1_392' title='bbox 1425 4279 1428 4286; x_wconf 80' lang='grc'><strong>,</strong></span> 
     </span>
    </p>

    <p class='ocr_par' dir='ltr' id='par_1_7' title="bbox 227 4302 1443 4456">
     <span class='ocr_line' id='line_1_45' title="bbox 318 4302 1405 4378; baseline -0.007 -17"><span class='ocrx_word' id='word_1_393' title='bbox 318 4305 338 4375; x_wconf 76' lang='lat'>²)</span> <span class='ocrx_word' id='word_1_394' title='bbox 363 4306 490 4361; x_wconf 85' lang='lat' dir='ltr'>Joviano</span> <span class='ocrx_word' id='word_1_395' title='bbox 514 4307 674 4378; x_wconf 88' lang='lat' dir='ltr'>imperante</span> <span class='ocrx_word' id='word_1_396' title='bbox 697 4307 753 4360; x_wconf 93' lang='lat' dir='ltr'>hoc</span> <span class='ocrx_word' id='word_1_397' title='bbox 777 4304 897 4360; x_wconf 90' lang='lat' dir='ltr'>verbum</span> <span class='ocrx_word' id='word_1_398' title='bbox 920 4306 964 4358; x_wconf 88' lang='lat' dir='ltr'>ite</span> <span class='ocrx_word' id='word_1_399' title='bbox 986 4303 1120 4375; x_wconf 87' lang='lat' dir='ltr'>usurpari</span> <span class='ocrx_word' id='word_1_400' title='bbox 1143 4302 1337 4375; x_wconf 90' lang='lat' dir='ltr'>comperimus</span> <span class='ocrx_word' id='word_1_401' title='bbox 1359 4317 1405 4370; x_wconf 89' lang='lat' dir='ltr'>ep.</span> 
     </span>
     <span class='ocr_line' id='line_1_46' title="bbox 227 4374 1443 4456; baseline -0.002 -27"><span class='ocrx_word' id='word_1_402' title='bbox 227 4377 304 4446; x_wconf 84' lang='lat' dir='ltr'>App.</span> <span class='ocrx_word' id='word_1_403' title='bbox 322 4378 385 4433; x_wconf 90' lang='grc'><strong>298.</strong></span> <span class='ocrx_word' id='word_1_404' title='bbox 405 4380 451 4448; x_wconf 89' lang='lat'>(=</span> <span class='ocrx_word' id='word_1_405' title='bbox 464 4378 598 4448; x_wconf 81' lang='lat' dir='ltr'>Oougnyi</span> <span class='ocrx_word' id='word_1_406' title='bbox 617 4377 661 4432; x_wconf 88' lang='lat' dir='ltr'>ed.</span> <span class='ocrx_word' id='word_1_407' title='bbox 674 4378 697 4431; x_wconf 88' lang='grc' dir='ltr'><strong>Ι.</strong></span> <span class='ocrx_word' id='word_1_408' title='bbox 717 4376 788 4447; x_wconf 84' lang='grc'><strong>353.)</strong></span> <span class='ocrx_word' id='word_1_409' title='bbox 812 4377 849 4433; x_wconf 89' lang='lat' dir='ltr'>cf.</span> <span class='ocrx_word' id='word_1_410' title='bbox 859 4376 1019 4430; x_wconf 85' lang='lat' dir='ltr'>Reiskium</span> <span class='ocrx_word' id='word_1_411' title='bbox 1034 4379 1097 4430; x_wconf 88' lang='lat' dir='ltr'>not.</span> <span class='ocrx_word' id='word_1_412' title='bbox 1116 4381 1194 4446; x_wconf 87' lang='lat' dir='ltr'>poet.</span> <span class='ocrx_word' id='word_1_413' title='bbox 1220 4391 1248 4445; x_wconf 89' lang='lat' dir='ltr'>p.</span> <span class='ocrx_word' id='word_1_414' title='bbox 1262 4374 1323 4428; x_wconf 84' lang='grc'><strong>253.</strong></span> <span class='ocrx_word' id='word_1_415' title='bbox 1342 4389 1404 4442; x_wconf 90' lang='lat' dir='ltr'>sqq.</span> <span class='ocrx_word' id='word_1_416' title='bbox 1440 4449 1443 4456; x_wconf 33' lang='grc' dir='ltr'>Ι</span> 
     </span>
    </p>
   </div>
   <div class='ocr_carea' id='block_1_4' title="bbox 0 0 1690 5210">
    <p class='ocr_par' dir='ltr' id='par_1_8' title="bbox 0 0 1690 5210">
     <span class='ocr_line' id='line_1_47' title="bbox 0 0 1690 5210; baseline 0 1"><span class='ocrx_word' id='word_1_417' title='bbox 0 0 1690 5210; x_wconf 95' lang='lat' dir='ltr'> </span> 
     </span>
    </p>
   </div>
  </div>
 </body>
</html>
