3372 5210
747 308 969 367 „72¹-

360 488 497 546 Fortasse
527 507 571 563 00.
602 486 653 545 XI.
683 488 755 546 342.
788 505 906 562 quoque
938 488 1016 545 inter
1047 488 1175 564 genuina
1207 487 1344 548 Palladee
1376 509 1444 564 epp.

271 577 439 636 ducendum
462 579 514 636 eat.
858 621 860 630 ,
1291 605 1292 612 ¹

360 665 458 723 Etiam
480 665 510 722 in
534 664 694 740 appendice
717 664 768 722 illa
790 664 860 722 libri
874 665 909 722 X.
926 684 991 740 epp.
1010 665 1203 736 104-124,
1228 666 1264 724 de
1281 685 1339 741 qua
1355 685 1445 742 supra
1521 719 1527 726 .

271 775 300 829 p.
317 755 367 813 51.
384 773 443 830 seq.
459 754 517 812 iam
541 753 631 812 'rerba
647 753 780 827 fecimus,
804 753 946 812 nonnulla
966 757 1036 812 sunt
1051 773 1126 830 000,
1149 774 1225 830 quae
1243 755 1379 819 Palladae.
1402 755 1444 813 in·

272 843 350 920 genii
374 861 436 901 esse
459 843 599 902 videntur
621 847 738 916 praeter
760 861 802 912 ea,
827 860 902 917 quae
925 842 985 899 iam
1009 844 1316 914 commemoravimus,
1339 847 1375 902 ut
1398 863 1444 919 ep.

274 933 346 1002 105,
373 931 447 1002 111,
477 932 550 1004 113,
581 932 653 1000 115,
679 931 862 989 116-119,
886 931 943 988 alia
971 931 1069 1006 plura,
1098 933 1148 991 sed
1172 932 1213 990 eis
1236 933 1273 991 de
1296 951 1362 1008 000.
1385 951 1445 991 cer-

272 1025 339 1078 tum
366 1020 509 1078 iudicium
538 1019 672 1094 proferre
694 1037 753 1076 non
776 1037 946 1094 possumus,
979 1038 1047 1078 cum
1071 1040 1177 1095 perum
1201 1024 1281 1080 certo
1309 1021 1446 1092 sciamus,
1481 1052 1483 1055 ·

273 1129 290 1166 a
313 1127 373 1184 quo
398 1113 428 1166 et
451 1126 511 1183 quo
535 1108 622 1166 modo
645 1107 717 1166 1000
740 1107 887 1183 appendix
909 1108 1071 1183 composita
1095 1110 1141 1168 sit.

754 1372 967 1380 ——-

703 1611 823 1706 Caput
850 1617 1034 1706 quartum.
1124 1627 1126 1630 ’

307 1911 368 2007 De
389 1909 538 2007 indole
563 1912 608 2006 et
630 1913 792 2008 natura
809 1909 1015 2008 Palladae
1036 1853 1415 2031 epigrammatum.

363 2109 588 2188 Epigrammata
604 2109 715 2170 Graeca
738 2115 906 2186 temporum
930 2112 1056 2170 decursu
1076 2113 1161 2170 valde
1185 2116 1299 2172 mutata
1323 2131 1384 2172 esse
1406 2113 1449 2170 in-

277 2206 323 2260 ter
347 2220 448 2260 omnes
471 2204 598 2274 constat,
627 2201 677 2259 sed
701 2201 796 2259 adhuc
819 2219 915 2275 neque
939 2201 1008 2259 satis
1031 2203 1108 2259 01010
1132 2203 1312 2278 explicatum
1335 2206 1380 2261 est
1401 2222 1450 2260 ne·

278 2310 336 2366 que
352 2289 427 2347 libro
443 2289 495 2346 illo
511 2289 739 2360 Reitzensteinii,
757 2289 809 2364 qui
824 2290 995 2348 inscribitur
1015 2291 1206 2366 ,Epigramm
1221 2291 1282 2348 und
1298 2289 1449 2376 Skolion“,

165 2435 169 2439 .
278 2379 462 2455 explanatur.
512 2378 733 2452 Epigrammata
765 2377 876 2436 Graeca
908 2397 1001 2454 usque
1035 2379 1071 2436 ad
1103 2379 1281 2438 incunabula
1312 2380 1452 2455 persequi

278 2468 402 2544 longum
430 2469 486 2524 est:
514 2466 546 2523 id
569 2485 662 2524 unum
686 2466 806 2541 quidem
824 2471 942 2524 certum
967 2470 1011 2525 est
1034 2487 1099 2543 epp.
1128 2468 1164 2525 ab
1189 2463 1359 2544 anthologia
1383 2469 1451 2526 Phi-

279 2555 355 2632 lippi
386 2554 556 2630 incipientia
589 2556 764 2614 auctoritate
795 2555 826 2612 in
857 2555 961 2630 primis
992 2555 1192 2615 Romanorum
1225 2555 1451 2634 epigrammata·

279 2646 404 2716 riorum,
432 2643 510 2702 inter
538 2662 587 2702 eos
615 2643 789 2702 nobilissimi
812 2643 967 2716 Martialis,
996 2644 1106 2719 scripta
1130 2663 1201 2716 esse,
1230 2649 1265 2703 ut
1287 2645 1373 2704 libris,
1394 2646 1451 2704 ool·

279 2734 356 2793 10010
379 2733 556 2809 legerentur.
596 2732 660 2803 Qua
682 2753 713 2790 re
730 2753 747 2790 0
762 2733 972 2809 significatione
994 2733 1228 2809 inscriptionum,
1252 2753 1342 2809 quam
1357 2754 1375 2791 a
1393 2735 1451 2810 pri-

280 2822 401 2880 mordiis
425 2821 608 2896 usurpabant
631 2822 711 2879 haud
734 2822 830 2892 dubie,
854 2822 998 2898 paulatim
1022 2823 1200 2881 discedentia
1219 2823 1255 2881 ad
1279 2823 1452 2880 hodiernam

280 2910 481 2968 definitionem
508 2914 716 2985 pervenerunt.
763 2909 846 2968 Inter
869 2905 995 2969 Graecos
1024 2911 1290 2987 epigrammatistas
1314 2931 1379 2986 000.
1402 2931 1452 2970 110·

280 2999 390 3056 tionem
415 2997 573 3073 scoptioam
597 3000 627 3056 in
651 2999 754 3075 primis
773 2999 948 3075 Diogeniani
969 3000 1135 3076 anthologii
1158 3005 1271 3075 poetae,
1294 3000 1453 3076 praecipue

280 3086 424 3145 Lucillius
441 3087 605 3160 coluerunt,
629 3106 809 3162 quamquam
825 3088 950 3164 vestigia
965 3089 1106 3146 nimirum
1127 3089 1215 3148 huius
1231 3089 1453 3165 significationis

280 3177 317 3234 ab
346 3175 558 3251 antiquissimis
586 3175 768 3251 temporibus
795 3176 966 3252 investigari
984 3179 1125 3252 'possunt
1172 3177 1255 3236 Sicut
1283 3178 1386 3236 comici
1415 3179 1453 3236 ab

281 3258 433 3341 ὀνομαστὶ
457 3257 619 3343 κωμῳδεῖν
647 3265 855 3324 descendentes
882 3265 1019 3323 universa
1045 3269 1207 3342 prototypa
1230 3266 1341 3325 comica
1363 3265 1452 3342 finge·

280 3355 360 3428 bant,
383 3354 426 3411 ita
450 3354 779 3430 epigrammatographi,
803 3353 855 3428 qui
878 3356 963 3411 antea
979 3354 1110 3430 singulos
1126 3355 1260 3414 homines
1279 3355 1452 3413 inveheban-

281 3451 340 3515 tur,
364 3443 492 3517 amplius
516 3443 663 3520 progressi
686 3443 743 3501 iarn
768 3443 864 3518 primo
887 3463 915 3518 p.
940 3442 970 3502 Ο.
993 3463 1021 3502 n.
1045 3444 1163 3502 saeculo
1187 3443 1323 3503 universa
1345 3463 1454 3520 genera

280 3531 458 3602 irridebant,
491 3550 558 3590 cum
593 3531 712 3589 nomina
747 3550 801 3608 pro
834 3531 1001 3590 hominibus
1033 3531 1190 3609 fingerent,
1228 3533 1280 3607 qui
1317 3551 1452 3608 quaeque

282 3639 390 3696 genera
416 3623 683 3694 repraesentarent;
712 3621 813 3679 evolve
836 3640 859 3678 e.
882 3640 910 3698 g.
934 3622 1029 3678 multa
1056 3621 1108 3678 1110
1131 3640 1197 3696 epp.
1220 3620 1339 3680 Lucillii
1363 3627 1453 3696 atque

282 3709 345 3766 eins
370 3707 537 3784 aequalium
560 3701 605 3778 εἰς
627 3703 734 3786 γραῦς,
758 3702 803 3778 εἰς
825 3705 966 3787 μικρούς,
989 3703 1033 3778 εἰς
1057 3704 1214 3788 αἰσχρούς,
1241 3703 1286 3780 εἰς
1308 3703 1453 3788 δρομέας,

281 3791 422 3868 πύκτας,
455 3789 596 3871 ἰατρούς,
629 3791 782 3875 ποιητάς,
816 3792 963 3877 ῥήτορας,
996 3793 1204 3876 φιλοσόφους,
1235 3793 1454 3876 μικρολόγοος,

281 3880 431 3955 κλέπτας,
461 3877 657 3964 ἄπλήοτοος,
686 3878 839 3963 ἀσελγεῖς,
869 3882 1040 3966 πονηρούς,
1067 3877 1217 3962 νομικούς
1244 3887 1354 3946 multos
1381 3887 1470 3945 alios'

281 3975 399 4051 scripta.
456 3973 570 4044 Quibus
603 3994 669 4051 epp.
700 3975 800 4036 irrisos
833 3975 964 4033 homines
995 3975 1161 4034 nominibus
1194 3977 1371 4051 appellatos·
1391 3993 1453 4034 esse

281 4065 365 4122 fictos
388 4063 456 4122 inde
480 4065 615 4138 apparet,
641 4064 721 4139 quod
744 4063 887 4122 Lucillius
910 4065 988 4122 idem
1012 4083 1118 4122 nornen
1142 4065 1263 4124 diversis
1286 4064 1455 4122 hominibus

280 4152 364 4224 indit,
390 4152 550 4228 quodiam
574 4172 663 4228 supra
687 4147 892 4228 notavimus.¹)

258 4345 263 4354 “
372 4343 391 4408 1)
410 4340 478 4394 Α110
491 4340 526 4394 de
545 4345 631 4394 causa
641 4341 804 4395 Martialem
817 4357 953 4411 persaepe
967 4358 1072 4395 nornen
1090 4341 1198 4410 fingere
1215 4341 1342 4412 explicat
1355 4339 1455 4394 Fried-

281 4410 406 4480 laender,
429 4410 472 4464 ed.
490 4412 616 4466 Martial.
636 4413 724 4481 praef.
745 4430 771 4482 p.
786 4413 828 4467 21.
842 4429 902 4482 sqq.
