3372 5210
692 332 912 389 ..73-

307 509 386 579 Quae
414 513 576 586 prototypa
603 510 639 567 ab
667 509 900 568 antecessoribus
930 509 1009 568 facta
1036 510 1172 570 Palladas
1200 511 1326 586 excepit,
1354 515 1390 570 ut

217 599 336 658 omnino
359 599 535 658 recentiores
563 598 833 675 epigrammatistae
860 599 954 675 magis
978 617 1013 656 ea
1040 604 1102 657 arte
1125 601 1237 669 valent,
1264 603 1300 658 ut
1323 618 1388 658 sen*

152 738 157 746 .
217 688 324 747 tentias
347 687 384 745 ab
406 687 623 762 antiquioribus
652 687 747 763 poetis
770 687 827 745 iam
851 689 994 748 tractatas
1017 688 1082 746 eliis
1104 688 1203 748 verbis
1230 688 1337 747 iterent
1360 694 1390 747 et

218 780 342 846 mutent,
366 795 456 852 quam
479 781 515 834 ut
537 794 613 835 nova
636 780 811 853 argumenta
833 777 987 835 tractanda
1002 777 1058 836 sibi
1081 782 1255 852 proponant.
1296 776 1330 835 In
1347 779 1391 837 eis

218 885 283 942 epp.
308 864 479 940 soopticis
504 865 535 922 in
562 865 693 924 homines
720 865 804 924 fictos
828 865 957 940 scriptis,
990 866 1098 941 quibus
1122 867 1260 925 universa
1282 885 1391 942 genera

218 954 371 1012 hominum
393 953 571 1024 illuduntur,
594 954 664 1012 haec
687 971 810 1011 numero
833 953 973 1012 Palladae
996 974 1074 1029 epp:

306 1043 358 1101 XI.
388 1043 461 1101 204.
494 1043 525 1100 in
550 1043 705 1101 rhetorem
740 1043 889 1116 Maurum,
926 1043 1051 1101 fortasse
1084 1062 1118 1100 ex
1150 1061 1195 1117 ep.
1226 1043 1306 1102 XVI.
1339 1045 1389 1101 20.

199 1167 202 1172 -
220 1131 368 1190 Ammiani
392 1149 571 1206 expressum.
594 1163 638 1172 —
663 1133 735 1190 255.
759 1132 789 1189 111
805 1132 919 1190 malum
934 1131 1114 1208 saltatorem,
1137 1150 1172 1189 ex
1188 1150 1232 1206 ep.
1249 1131 1300 1190 XI.
1317 1133 1393 1190 253.

200 1209 346 1280 ‘Luciliu
370 1253 414 1262 -
438 1221 511 1278 287.
534 1221 564 1277 11
580 1221 720 1280 vetulam.
737 1251 780 1262 -
805 1221 876 1278 288.
901 1221 931 1277 in
954 1224 1102 1279 tonsorem
1128 1225 1158 1278 et
1180 1224 1330 1279 sartorem.
1348 1253 1391 1262 —

221 1311 293 1368 289.
317 1314 348 1366 01
372 1309 445 1368 290.
468 1309 499 1366 111
523 1309 737 1368 foeneratorem
760 1312 919 1367 mortuum.
943 1341 987 1350 —
1012 1311 1085 1367 304.
1108 1308 1137 1366 in
1161 1309 1324 1384 loquacem.
1347 1341 1392 1351 —

195 1475 197 1478 Ι
221 1399 293 1458 305.
322 1401 352 1455 01
380 1398 454 1456 355.
487 1399 517 1455 111
549 1398 695 1474 ignarum.
723 1429 767 1438 —
796 1399 869 1456 306.
901 1398 931 1455 in
963 1397 1158 1456 meretricem.
1182 1430 1226 1438 —
1255 1399 1328 1457 349.
1360 1399 1391 1455 in

220 1490 430 1546 astronomum.
453 1519 498 1530 -
523 1487 596 1544 373.
621 1487 649 1544 in
674 1489 789 1562 poetam
819 1486 887 1544 talis
915 1486 1074 1544 ludentem.
1099 1519 1142 1528 -
1167 1487 1239 1546 384.
1270 1487 1300 1544 in
1326 1505 1388 1544 mo·

220 1577 335 1634 nachos.
359 1609 402 1616 -
428 1575 500 1636 293.
523 1576 553 1633 in
577 1595 707 1634 avarum.

309 1665 351 1722 At
373 1665 404 1722 in
427 1669 523 1723 certos
547 1666 678 1722 homines
700 1665 771 1722 haec
795 1664 924 1723 carmina
947 1664 1057 1739 scripta
1080 1683 1141 1723 osse
1165 1664 1317 1723 videntur:

310 1752 377 1810 VII.
402 1754 587 1811 ost—2688.
614 1753 644 1811 in
668 1752 812 1812 Gessium.
835 1785 880 1795 -
906 1752 957 1812 XI.
983 1753 1055 1811 280.
1083 1753 1112 1810 10
1137 1751 1301 1811 Genadium
1329 1753 1391 1811 chi·
1511 1743 1513 1749 ¹

220 1861 354 1918 rurgum.
377 1874 422 1884 ·-
445 1835 510 1899 IX.
535 1841 608 1899 281.
635 1842 666 1899 in
689 1843 831 1918 Magnum
858 1842 1107 1917 iatrosophistam.
1134 1875 1179 1884 -
1207 1843 1413 1901 283-285.·

220 1931 250 1988 in
274 1930 467 1989 Damonicum
491 1930 718 1989 Chalcidensem.
763 1930 815 1991 XI.
845 1921 918 1990 291.
944 1931 974 1988 111
1002 1931 1229 1989 versificatorem
1256 1930 1393 1990 venalem

221 2018 410 2079 Nicandrum.
438 2051 482 2060 -
511 2021 584 2080 292.
616 2020 645 2077 iu
673 2020 877 2078 Themistium.
905 2051 949 2062 -
978 2021 1051 2079 340.
1082 2020 1112 2076 in
1144 2019 1392 2095 Panthagathum,

185 2161 189 2170 .
222 2124 282 2183 quo
306 2127 350 2183 ep.
378 2108 513 2184 intellegi
540 2112 640 2183 potest
662 2109 813 2168 Palladem
837 2128 868 2166 re
892 2127 961 2167 vera
983 2112 1078 2167 certos
1102 2108 1234 2166 homines
1256 2107 1394 2177 illudere,

312 2285 369 2343 Sed
392 2285 609 2344 concedendum
637 2289 683 2344 est
709 2286 805 2356 nobis,
834 2304 902 2344 oum
925 2286 961 2343 de
990 2285 1138 2360 plerisque
1166 2285 1334 2344 hominibus
1361 2284 1391 2342 in

223 2383 289 2448 epp.
306 2375 542 2432 commemoratis
564 2374 639 2431 nihil
654 2375 727 2432 certi
744 2375 878 2445 sciamus,
901 2374 1041 2433 nimirum
1057 2374 1138 2432 aliud
1155 2394 1199 2449 ep.
1222 2374 1252 2431 in
1269 2375 1392 2432 alteram

223 2462 327 2520 seriem
350 2463 538 2520 inserendum
562 2481 632 2522 esse.

313 2550 389 2608 Item
411 2550 490 2609 inter
513 2571 547 2610 ea
570 2572 643 2628 epp,
672 2552 781 2627 quibus
804 2551 939 2611 Palladas
962 2553 1034 2610 alios
1057 2555 1159 2626 poetas
1183 2552 1396 2624 antecedentes

223 2640 253 2696 in
280 2640 384 2715 primis
413 2645 513 2715 poetas
541 2641 716 2718 Diogeniani
743 2641 905 2715 anthologii
938 2639 1083 2714 imitatur,
1116 2660 1181 2716 epp.
1214 2639 1395 2697 numeranda

224 2735 306 2799 sunt,
330 2747 406 2803 quae
428 2725 663 2805 παρασιτικά
687 2729 908 2806 appellaverim,
932 2729 1012 2805 quod
1028 2728 1165 2788 Palladas
1188 2729 1219 2786 in
1242 2728 1283 2786 eis
1305 2728 1398 2786 verba

224 2817 297 2876 facit
323 2834 404 2875 more
432 2818 629 2893 parasitorum
658 2818 693 2876 dc
717 2818 869 2888 conviviis,
898 2817 934 2875 ad
958 2836 1033 2894 quae
1060 2817 1255 2886 invitabatur,
1283 2819 1337 2876 aut
1359 2817 1397 2874 de

226 2905 297 2964 cibis
325 2911 355 2963 et
383 2906 517 2981 potibus,
550 2907 601 2981 qui
629 2907 656 2964 ei
683 2907 803 2966 domum
836 2907 1043 2981 mittebantur,
1075 2907 1155 2982 quod
1187 2909 1395 2982 argumentum

225 2995 369 3054 Martialis
397 3013 516 3070 quoqne
544 3014 601 3053 non
626 2996 833 3071 praetermisit.
879 2995 946 3054 Huc
973 2995 1122 3071 pertinent
1148 3015 1214 3070 epp.
1238 2994 1288 3054 IX.
1315 2995 1396 3067 176,

225 3082 277 3142 IX.
301 3085 383 3154 377,
409 3085 480 3142 484.
505 3087 535 3142 et
559 3086 641 3159 486.,
667 3086 749 3156 487,
772 3085 823 3142 XI.
849 3085 930 3154 371,
956 3085 1038 3155 377,
1063 3085 1144 3153 387,
1169 3081 1251 3158 295,
1271 3102 1331 3159 qno
1350 3103 1395 3159 ep.

225 3172 275 3230 XI.
301 3174 374 3232 396.
397 3171 517 3232 Lucillii
543 3173 687 3233 imitatur.
734 3175 891 3233 Praeterea
915 3193 981 3248 epp.
1004 3173 1055 3233 XI.
1083 3174 1154 3232 313.
1179 3177 1209 3230 ot
1234 3173 1307 3230 314.
1334 3171 1393 3230 Lu·

226 3261 310 3328 cillii,
334 3261 383 3320 XI.
408 3262 481 3320 413.
514 3261 675 3337 Ammiani,
712 3262 762 3321 XI.
797 3264 870 3322 325.
898 3262 1126 3320 Automedontis
1164 3261 1289 3318 fortasse
1326 3265 1399 3319 sunt

226 3350 366 3425 exempla,
390 3370 465 3425 quae
488 3350 630 3409 imitanda
653 3351 709 3410 sibi
730 3354 933 3427 proposuerat.

315 3438 559 3513 Comparantibns
582 3439 665 3498 nobis
689 3440 828 3498 Pullariae
851 3458 918 3514 epp.
946 3457 1013 3497 oum
1037 3438 1168 3497 eiusdem
1191 3436 1305 3513 generis
1330 3455 1396 3512 epp.

226 3527 345 3587 Lucillii
373 3532 403 3585 et
430 3528 612 3603 reliquorum
640 3531 796 3603 poetarum
826 3527 998 3603 Diogeniani
1031 3526 1194 3603 anthologii
1221 3526 1273 3584 illa
1301 3527 1398 3584 multo

226 3615 440 3691 praestantiora
463 3634 524 3674 esse
549 3617 628 3674 haud
651 3617 739 3675 dubie
762 3617 909 3676 videntur.
954 3615 1090 3674 Palladas
1114 3615 1190 3673 enim
1215 3615 1320 3674 melius
1339 3613 1396 3672 Lu·

227 3704 306 3764 cillio
333 3705 496 3780 perspexit,
528 3705 600 3780 quid
624 3709 699 3764 esset
726 3705 879 3781 proprium
908 3704 1142 3781 epigrammatis,
1175 3704 1244 3763 huic
1276 3721 1397 3779 poeseos

226 3793 326 3870 generi
355 3794 512 3853 sententias
541 3813 608 3853 suas
636 3794 786 3854 sollertius
813 3795 953 3870 adaptare
982 3794 1071 3869 sapit,
1104 3793 1215 3868 optime
1244 3793 1396 3868 cognitum

226 3882 319 3963 habet
347 3882 568 3960 epigrammatis
597 3884 721 3941 maxime
753 3884 892 3942 interesse
925 3882 1084 3942 sententias
1111 3882 1242 3939 breviter
1269 3885 1299 3938 et
1328 3899 1395 3939 oon·

227 3971 327 4029 stricte
352 3972 522 4046 exprimere.
569 3972 633 4042 Qua
659 3993 692 4031 re
716 3973 852 4031 Palladae
879 3990 944 4046 epp.
977 3971 1072 4028 multo
1105 3970 1239 4028 breviora
1267 3971 1335 4028 sunt
1367 3972 1398 4026 et

227 4062 383 4134 propterea
410 4060 542 4118 acutiora
569 4069 600 4118 et
627 4060 876 4136 inexspectatioris
904 4059 1061 4132 acuminis,
1088 4076 1157 4117 cum
1184 4061 1263 4115 recte
1288 4075 1396 4133 cogno·

231 4148 311 4221 verit,
336 4165 424 4221 quam
447 4167 551 4207 verum
579 4149 629 4219 sit,
658 4150 738 4224 quod
762 4149 917 4208 Parmenio
940 4168 985 4223 ep.
1008 4147 1059 4206 IX.
1084 4149 1171 4220 342,
1199 4145 1327 4220 Cyrillus
1351 4165 1397 4220 ep.

227 4236 278 4295 IX.
307 4237 389 4306 369,
417 4237 561 4297 Martialis
593 4238 694 4296 multis
724 4238 795 4297 locis
818 4238 1016 4314 praecipiunt,
1048 4255 1084 4294 ne
1112 4256 1156 4312 op.
1189 4235 1309 4294 excedat
1340 4235 1399 4292 tria

228 4325 360 4384 disticha.
406 4324 512 4402 Itaque
535 4327 614 4402 apud
637 4325 783 4385 neminem
807 4327 863 4386 nisi
886 4327 966 4402 apud
989 4325 1140 4383 Palladem
1165 4324 1329 4384 invenimus
1353 4327 1398 4381 101

227 4413 328 4472 brevia
355 4433 433 4490 epp,
466 4435 533 4475 nam
562 4435 595 4474 ex
626 4417 687 4474 123
717 4434 783 4490 epp.
799 4415 874 4474 *eius
902 4414 1033 4475 distichis
1061 4413 1230 4490 compositis
1260 4413 1297 4476 ll
1331 4432 1398 4487 epp.
