3372 5210
747 287 968 344 -56-

358 465 394 522 Iu
418 465 511 540 eapite
534 457 579 535 εἷς
601 458 812 544 μικρολόγους
834 465 944 540 scripto
968 462 1046 542 (epp.
1071 459 1270 543 165-173.)
1298 484 1342 540 ep.
1372 464 1445 524 168.

269 554 427 629 Antipatro
443 557 548 630 poetae
564 553 695 630 Philippi
718 553 853 631 stephani
876 553 1052 628 vindicatur,
1076 573 1120 628 ep.
1139 553 1210 613 173.
1226 553 1365 629 Philippo
1387 554 1445 629 ipsi

267 644 307 702 of.
330 663 358 719 p.
383 645 433 701 22.

360 731 473 802 Quibus
496 731 526 788 in
549 731 671 808 syllogis
695 751 739 807 op.
758 732 831 790 182.
854 731 989 807 Dionysii
1013 733 1043 789 et
1066 751 1109 806 ep.
1128 731 1201 789 232.
1217 729 1325 790 (talliae
1341 730 1447 808 Argivi

267 821 450 880 numeranda
472 820 539 891 sint,
561 820 723 880 nescimus!
1150 810 1153 816 ’

357 911 411 986 Ep.
436 909 509 968 187.
533 908 626 967 Settio
649 909 866 968 demonstrante
889 901 1050 989 ἰσόψηφον
1073 911 1125 968 est.
1133 903 1157 981 ¹)

358 998 433 1074 Epp.
461 999 643 1056 198-200.
666 999 740 1055 item
762 1000 833 1056 sunt
852 997 1051 1056 additamenta
1066 997 1249 1072 reliquarum
1264 997 1445 1074 anthologia·

268 1105 350 1147 rum:
378 1107 422 1162 ep.
442 1087 514 1145 198.
537 1083 561 1161 sa
584 1085 785 1146 Sakolowskio
808 1087 828 1144 1.
849 1086 867 1146 1.
888 1106 917 1161 p.
935 1088 986 1146 49.
1014 1086 1190 1162 Diogenieni
1217 1086 1401 1162 anthologio‚
1429 1107 1446 1144 a

269 1175 498 1235 Stadtmuellero
532 1176 576 1234 ed.
604 1176 649 1234 ad.
678 1175 730 1234 VI.
756 1176 828 1234 282.
852 1175 993 1252 Meleagri
1027 1192 1151 1233 coronae
1183 1174 1337 1246 tribuitur,
1373 1175 1446 1234 199.

269 1257 432 1344 ἰσόψηφον
454 1264 574 1324 Leonid.
607 1264 689 1323 Alex.
722 1268 775 1324 est.
821 1264 886 1323 Hoc
912 1263 944 1322 in
972 1265 1067 1339 capite
1098 1263 1156 1322 duo
1180 1263 1277 1339 capita
1299 1264 1445 1340 permixta

269 1372 332 1413 esse
354 1353 412 1412 iam
437 1372 527 1429 supra
546 1352 684 1412 diximus:
709 1356 798 1428 caput
812 1345 857 1423 εἷς
872 1345 1020 1432 αἰσχρούς
1035 1351 1209 1427 inscriptum
1225 1372 1260 1410 ex
1276 1352 1445 1431 anthologio

268 1442 445 1518 Diogeniani
468 1445 612 1517 ereptum,
636 1444 726 1517 caput
752 1433 798 1512 εἷς
825 1442 912 1522 ῥῖνας
938 1436 1065 1520 μακρός
1093 1460 1127 1498 ex
1160 1441 1282 1500 diversis
1314 1442 1445 1500 fontibus

269 1531 462 1606 compilatum
490 1530 620 1589 eontinet
651 1550 716 1606 epp.
754 1530 830 1600 198,
861 1530 938 1606 199,
967 1531 1044 1604 200,
1074 1530 1151 1600 203,
1185 1531 1258 1588 204.
1290 1533 1446 1606 poetarum

267 1619 479 1690 Theodoridae,
503 1619 651 1678 Leonidae
674 1619 875 1687 Alexandrini,
903 1619 1076 1678 Heraclidae
1108 1637 1231 1678 coronae
1264 1615 1444 1694 Philippeae,

269 1708 419 1767 Palladae.

357 1798 432 1872 Epp.
466 1797 540 1855 213.
572 1800 602 1855 et
635 1798 707 1855 214.
740 1795 845 1855 dubito
877 1816 949 1854 num
983 1797 1042 1855 sint
1069 1795 1216 1855 Leonidae
1244 1797 1445 1870 Alexandrini,

267 1904 451 1960 quamquam
474 1889 648 1962 argumenta
669 1885 700 1941 in
727 1885 806 1944 hunc
834 1886 932 1944 solum
960 1885 1106 1961 pertinere
1137 1889 1272 1961 possunt,
1305 1886 1355 1944 sed
1387 1905 1446 1945 non

267 1977 338 2033 sunt
360 1965 516 2054 ἰοόψηφα.
1155 1993 1157 1996 ·

358 2061 428 2138 (lup.
459 2054 505 2132 εἰς
536 2053 677 2140 οόεόγεῖς
707 2061 883 2138 inscriptum
915 2063 1068 2139 coniungit
1099 2062 1238 2120 nimirum
1277 2065 1307 2120 et
1344 2068 1445 2139 poetas

266 2151 377 2210 anthol.
400 2151 486 2228 Diog.
510 2154 540 2210 et
562 2151 719 2210 nonnullos
742 2148 814 2226 alios'
837 2154 949 2226 poetas,
974 2151 1025 2226 qui
1049 2170 1115 2226 epp.
1138 2151 1340 2226 paedarastioa
1356 2153 1444 2228 scrip·

268 2243 380 2313 serunt,
403 2243 438 2297 ut
460 2239 644 2316 Meleagrum
667 2247 697 2298 et
720 2239 902 2298 Stratonem,

357 2329 431 2404 Epp.
444 2329 629 2388 235—238.
643 2329 962 2388 Pseudo-Demodocea
978 2328 1078 2394 addita
1092 2331 1161 2388 sunt
1175 2347 1210 2386 ex
1226 2328 1316 2404 Oyolo
1333 2330 1445 2405 opinor.

358 2417 412 2492 Ep.
437 2417 510 2490 248.
535 2417 670 2476 Bianoris
694 2436 817 2488 coronae
841 2417 972 2493 Philippi
993 2417 1024 2474 in
1047 2418 1104 2476 fine
1129 2416 1234 2493 capitis
1259 2421 1354 2477 exstat
1377 2425 1445 2494 post

265 2509 371 2582 ,poetas
394 2505 608 2582 Diogenianeos
630 2506 701 2564 item
726 2509 885 2582 atqucep.
910 2507 983 2565 256.
1007 2506 1155 2563 Pelladeo.

358 2594 425 2653 Duo
457 2593 551 2670 igitur
583 2615 649 2671 epp.
681 2595 831 2669 Palladae,
864 2614 939 2670 quae
955 2595 1025 2653 beo
1056 2594 1087 2652 in
1112 2598 1207 2669 parte
1245 2594 1443 2662 inveniuntur,

268 2683 444 2758 compilator
465 2683 495 2740 in
519 2683 576 2742 fine
596 2683 727 2759 capitum
751 2683 860 2758 posuit,
883 2686 918 2741 ut
941 2683 1004 2741 fere
1027 2683 1125 2742 omnia
1147 2684 1328 2759 reliquarum
1352 2683 1443 2758 syllo-

267 2791 374 2849 garum
397 2791 463 2847 epp.

357 2860 457 2918 Tertia
480 2879 549 2936 pars
571 2861 641 2919 libri
664 2855 1182 2937 X1.‚epp.256-436.00nunens,
1205 2861 1291 2936 plane
1308 2861 1444 2937 opposita

246 2937 249 2941 ’
269 2950 349 3006 certo
366 2948 462 3006 ordini
478 2949 621 3008 secundae
637 2950 730 3025 partis
744 2950 849 3008 rudem
864 2949 1100 3026 indigestamque
1116 2950 1224 3030 molem
1239 2969 1305 3025 opp.
1320 2949 1443 3026 profert,

163 3075 166 3081 ν
269 3036 468 3112 sooptioornm
500 3036 631 3112 quidem,
671 3039 721 3097 sed
754 3057 874 3113 perraro
907 3039 966 3097 duo
999 3039 1129 3098 eiusdem
1172 3038 1340 3114 argumenti
1378 3059 1444 3114 epp.

269 3125 425 3184 coniuncta
448 3128 609 3184 enumerat.
656 3125 721 3184 Una
744 3126 834 3186 series
858 3146 922 3202 epp.
948 3127 1078 3186 eiusdem
1107 3127 1274 3203 argumenti
1302 3129 1371 3202 post
1399 3147 1443 3203 ep.

270 3215 342 3272 332.
362 3213 486 3290 legitur:
512 3215 600 3273 332.a
622 3213 676 3289 (=
694 3215 744 3273 XI.
764 3211 856 3293 118.)
875 3211 964 3274 332.b
986 3213 1041 3289 (=
1051 3216 1102 3274 XI.
1116 3216 1209 3290 119),
1230 3217 1302 3286 333,
1325 3217 1398 3276 334.
1414 3217 1444 3275 in

268 3303 397 3362 medicos
413 3303 530 3379 scripta.
577 3304 733 3362 Praeterea
748 3305 846 3362 omnia
861 3308 1035 3380 argumente
1050 3304 1144 3380 partis
1161 3305 1368 3377 antecedentia,
1392 3305 1443 3364 sed

268 3392 434 3451 disturbata
457 3392 513 3451 hoo
535 3393 600 3452 loco
622 3392 821 3470 reperiuntur.
869 3393 900 3452 Si
925 3394 1062 3468 ponimus
1085 3397 1244 3469 utramque
1267 3396 1383 3470 partem
1406 3394 1443 3452 ab

266 3481 371 3539 eodem
402 3480 523 3538 librario
555 3482 708 3540 collectam
740 3500 815 3558 esse,
847 3483 936 3541 tertia
964 3501 1032 3558 pars
1061 3486 1220 3558 apparatus
1243 3482 1444 3558 compilatoris

270 3588 331 3628 esse
354 3569 481 3640 videtur,
505 3589 595 3644 quem
618 3571 752 3629 ordinare
776 3575 829 3630 aut
851 3571 975 3648 segnitia
999 3576 1163 3630 commotus
1192 3571 1289 3629 noluit
1315 3574 1369 3629 aut
1395 3589 1443 3628 ne·

270 3656 355 3732 quiit,
379 3675 468 3732 quam
492 3657 529 3715 ob
553 3659 687 3731 remita,
711 3665 745 3716 ut
769 3662 831 3718 erat
852 3661 983 3730 relictus
1007 3659 1126 3719 additus
1141 3663 1193 3719 cst.
1225 3659 1290 3729 Qua
1313 3678 1344 3717 re
1359 3659 1443 3718 nobis

269 3764 410 3822 prospere
433 3745 539 3819 evenit,
564 3746 642 3820 quod
666 3747 792 3807 maiores
808 3748 894 3806 series
909 3749 1106 3807 vetustiorum
1122 3767 1297 3808 coronarum
1312 3753 1443 3808 servatae

270 3840 347 3907 sunt,
370 3853 445 3910 quae
468 3835 498 3891 in
521 3838 606 3909 parte
630 3835 757 3894 secunda
780 3835 881 3895 ordine
896 3835 1147 3913 argumentorum
1170 3837 1329 3896 dissolutae
1351 3841 1444 3895 erant

270 3922 446 4000 Diogeniani
477 3923 640 4000 anthologii
670 3925 702 3982 in
739 3925 843 4000 primis
878 3925 966 3985 series
989 3925 1044 3985 bac
1066 3926 1286 4002 perturbatione
1314 3929 1444 3984 servatas

270 4015 413 4083 tenemus,
436 4011 520 4071 ouius
544 4013 724 4072 collectionis
748 4015 837 4072 series
861 4014 1060 4088 alphabetioae
1088 4015 1117 4072 in
1148 4015 1252 4074 ceteris
1279 4013 1362 4072 libris
1386 4033 1444 4072 non

270 4100 439 4159 traduntur.
485 4099 561 4159 Sunt
584 4102 640 4160 hae
663 4105 723 4161 tres
746 4103 847 4162 series:
1315 4095 1316 4100 ¹

311 4309 380 4433 259¹)
399 4307 481 4376 Setti,
501 4306 579 4361 studi
599 4308 692 4363 critici
705 4309 780 4363 sulla
793 4310 951 4379 Autologia
968 4303 1059 4365 Palat.
1079 4310 1142 4364 Riv.
1164 4309 1193 4363 di
1206 4309 1276 4363 filol.
1291 4310 1332 4363 22.
1353 4309 1443 4380 (1894)

269 4397 297 4450 P·
365 4395 444 4448 ·S<l(l·
