3372 5210
801 323 1021 382 *13-

323 505 491 580 perspicsra
515 503 645 566 nondum
669 520 834 578 possumus,
858 519 926 560 cum
948 503 1081 560 nondum
1102 503 1209 574 omnia,
1233 505 1349 580 quaeL
1372 507 1501 582 scripsit,

322 594 353 652 iu
370 593 496 652 editione
513 591 790 651 Stndtmuelleriana
807 590 885 649 adita
900 590 968 650 sint.
1005 590 1155 650 Idunum
1178 592 1312 653 videmus
1335 594 1500 654 acribamL

323 685 377 740 aut
391 701 467 756 enm,
491 701 579 756 quem
594 680 620 738 L
635 680 796 756 exscripsit,
820 697 879 738 non
902 679 1032 738 multum
1054 684 1207 740 versatum
1223 701 1284 741 esse
1300 683 1331 741 in
1354 683 1500 742 lemma‘nis

325 770 519 830 diiudicandis
543 787 670 845 cumque
693 787 779 828 versa
806 768 870 827 folii
896 768 1005 845 pagina
1032 787 1243 845 nonnunquam
1271 775 1427 830 auctorum
1448 791 1500 831 nc-

324 860 403 917 mina
425 859 560 918 iterasse:
592 857 662 916 libri
681 857 717 914 V.
735 857 813 916 baec
836 857 894 915 tria
916 857 1036 916 nomi-na
1058 858 1193 935 scripsit,
1216 859 1284 917 libn'
1298 859 1351 918 VI.
1374 861 1499 921 nullum.

323 948 381 1007 Sed
414 948 539 1007 certiora
570 947 605 1004 de
629 946 766 1006 Palladae
799 965 865 1022 epp.
898 965 967 1006 eum
990 946 1109 1006 scivisse
1137 948 1197 1005 iam
1226 967 1260 1006 ex
1292 949 1431 1008 lemmate
1455 969 1501 1026 ep.

325 1037 391 1096 VIl.
408 1038 482 1095 339.
505 1036 710 1095 intelleximus.
746 1035 933 1112 Argumenta
956 1054 1076 1112 quoque
1093 1035 1263 1096 aPalladne
1280 1037 1398 1114 ingenio
1421 1038 1501 1096 baud

322 1129 394 1186 sunt
416 1126 525 1184 aliena:
553 1125 689 1185 similiter
711 1125 847 1183 Palladas
870 1124 948 1183 ludit
971 1125 1148 1197 nominibus,
1171 1125 1262 1184 immo
1278 1126 1500 1186 Andromachae

324 1233 394 1274 vero
417 1214 533 1274 nomina
555 1214 629 1272 itam
650 1213 788 1290 parodica
805 1214 902 1272 utitur
917 1210 968 1293 (cf.
985 1234 1051 1289 epp.
1067 1214 1117 1272 Xl.
1135 1216 1207 1274 378.
1231 1215 1282 1274 IX.
1300 1211 1396 1295 168).
1429 1215 1499 1274 Sen-

323 1304 446 1362 tentiam
463 1321 581 1380 quoqua
597 1294 745 1362 ἀπόλαυε
761 1296 818 1360 acri
834 1297 968 1382 σήμερον
982 1302 1118 1361 Pallados
1140 1323 1279 1379 persaepe
1295 1305 1375 1363 terit.
1406 1303 1501 1374 Quam

312 1392 362 1451 ob
384 1410 447 1450 rem
471 1392 599 1469 genuina
621 1409 683 1451 esse
706 1392 777 1450 haec
801 1411 867 1467 epp.
891 1391 1028 1450 Palladae
1052 1387 1264 1470 putaremasl),
1297 1393 1354 1452 nisi
1376 1393 1442 1451 aliis
1467 1413 1501 1452 en

323 1481 419 1540 causis
446 1481 545 1557 potius
569 1481 669 1539 Rufini
692 1499 753 1539 esse
776 1473 990 1554 viderentur.²)
1037 1479 1079 1539 Ut
1106 1481 1342 1556 praetermittam
1372 1482 1500 1556 primum
1596 1523 1598 1527 -

323 1570 449 1630 scribam
472 1571 500 1628 A
522 1569 630 1644 Rufino
652 1569 710 1645 ipsi
732 1569 802 1626 dare
826 1569 897 1627 baec
921 1588 1001 1644 epp:
1034 1569 1117 1628 locus
1141 1588 1271 1645 quoque,
1300 1570 1353 1628 ubi
1376 1574 1501 1642 exstant,

324 1659 430 1718 Rufino
458 1659 546 1719 favet.
589 1659 663 1734 Epp.
688 1659 765 1716 enim
786 1658 822 1717 V.
841 1658 980 1717 1-102.
1005 1657 1121 1716 efficere
1146 1659 1289 1734 syllcgam
1314 1659 1501 1716 Rufinianum

324 1748 472 1806 neminem
490 1748 554 1806 fore
571 1765 665 1822 spero,
690 1749 742 1822 qui
757 1749 853 1822 neget.
861 1740 886 1821 ⁸)
926 1733 1108 1806 Sakblowski
1125 1747 1323 1828 Weigandol
1339 1749 1358 1805 l.
1382 1767 1409 1822 p.
1429 1749 1501 1805 554.

324 1839 484 1911 praeeunte
512 1855 580 1893 cum
608 1855 672 1910 epp.
697 1834 796 1892 Rufini
825 1835 994 1910 anthologio
1018 1835 1193 1912 Diogeniani
1216 1836 1343 1907 tribnat,
1376 1856 1441 1912 epp.
1465 1836 1501 1896 V.

328 1925 467 1984 1-102.
491 1941 549 1982 non
573 1943 590 1980 a
613 1922 720 1980 Rufino
743 1923 816 1997 ipso,
841 1923 892 1980 sed
917 1942 933 1979 a
956 1924 1119 1981 recentiore
1142 1925 1299 1983 collectore
1322 1925 1378 1983 hoc
1401 1925 1501 1982 ordine

324 2012 488 2088 composita
511 2031 572 2071 esse
604 2011 718 2071 conicit.
765 2011 971 2086 Weissbaaupl
1003 2011 1075 2070 baec
1107 2031 1173 2087 epp.
1207 2031 1269 2071 asse
1301 2013 1501 2088 fragmentum

324 2102 496 2162 recentioris
519 2102 649 2178 syllegae
673 2103 783 2170 censet,
813 2119 891 2174 -quae
921 2100 1045 2158 fortasse
1071 2119 1088 2157 a
1111 2101 1217 2158 Rufino
1240 2100 1320 2159 facta
1343 2101 1389 2159 sit.
1437 2100 1501 2169 Qua

324 2211 356 2249 re
387 2194 602 2262 commoretur,
630 2194 666 2249 ut
688 2189 827 2248 Rufinum
851 2189 956 2264 quinto
978 2208 1007 2264 p.
1031 2187 1062 2247 0.
1085 2209 1112 2246 n.
1138 2189 1255 2248 sacculo
1277 2189 1411 2248 floruisse
1435 2209 1500 2248 con·

324 2279 435 2338 tendat.
481 2279 534 2336 Oui
563 2280 587 2338 si
611 2279 817 2352 assentiamur,
847 2278 1074 2337 existimandum
1097 2277 1181 2336 nobis
1205 2282 1250 2337 est
1272 2278 1411 2336 Rufinum
1436 2279 1500 2336 Pal·

324 2369 409 2426 ladae
433 2387 498 2443 epp.
522 2367 657 2426 manibus
679 2367 816 2426 tenuisse.
864 2367 950 2436 Quod
973 2367 1173 2427 demonstrare
1196 2385 1363 2444 possemus,
1392 2367 1417 2426 si
1441 2386 1500 2442 quo

326 2463 459 2531 tempore
474 2456 600 2515 Rufinus
615 2456 742 2529 vixisset,
766 2455 1037 2514 enucleavissemus.
1076 2456 1118 2513 At
1132 2457 1187 2515 hcc
1211 2456 1305 2515 facere
1329 2457 1426 2514 adhuc
1441 2475 1500 2513 non

325 2563 409 2622 possa
433 2563 485 2604 nos
508 2546 649 2604 dolemus.

417 2633 646 2709 Comprehendit
669 2634 780 2709 sylloge
795 2633 952 2692 Rufiniana
971 2653 1037 2708 epp.
1055 2633 1153 2690 Rufini
1178 2636 1208 2691 et
1231 2633 1395 2709 fragmenta
1419 2650 1499 2690 coro·

327 2743 432 2781 narum
456 2727 486 2782 et
508 2723 651 2800 Meleagri
674 2726 703 2780 et
726 2722 868 2799 Philippi;
902 2741 967 2798 app.
992 2721 1156 2798 anthologii
1179 2721 1355 2798 Diogeniani
1383 2737 1501 2797 quoque

325 2813 436 2870 inserta
464 2815 546 2884 sunt,
579 2816 610 2870 at
637 2831 703 2886 epp.
732 2812 807 2886 cycli
830 2811 975 2887 Agathisa
1003 2810 1214 2869 desiderantur.
1261 2810 1318 2869 Sed
1344 2810 1448 2870 insunt
1471 2814 1502 2868 et

325 2905 440 2976 poetae,
464 2918 591 2974 quorum
614 2903 740 2958 aetatem
759 2899 938 2975 investigare
959 2919 1017 2958 non
1037 2918 1208 2976 possumus:
1233 2899 1355 2959 Orestas
1371 2898 1418 2975 (V.
1437 2893 1501 2979 19.)

326 2988 429 3048 Gallus
453 2985 531 3068 (48.)
555 2987 658 3063 Capito
675 2984 752 3066 (66.)
777 2988 937 3063 Dionysius
960 2989 1092 3064 sophista
1115 2987 1193 3065 (80.)
1217 2988 1396 3048 Claudianus
1415 2984 1501 3069 (85.)

328 3077 441 3146 Quibus
469 3077 569 3160 poetis
602 3077 730 3151 exceptis
755 3076 888 3134 Palladas
921 3077 1139 3136 recentissimus
1172 3078 1304 3136 omnium
1344 3081 1528 3152 poetarum.

327 3167 458 3243 syllegae
481 3165 652 3223 Rufinienae
676 3171 726 3234 est
750 3164 781 3222 id
806 3165 886 3240 quod
910 3167 1080 3241 suspectum
1104 3165 1272 3224 babendum
1296 3171 1347 3224 est.

415 3256 541 3314 Rufinus
565 3273 684 3331 quoque
699 3254 867 3312 nominibus
892 3254 971 3312 ludit
994 3257 1025 3312 ct
1048 3255 1089 3312 ais
1113 3253 1250 3330 ambigue
1266 3253 1363 3314 utitur
1380 3255 1416 3312 cf.
1432 3273 1455 3311 e.
1472 3274 1501 3329 g.

327 3365 371 3420 ep.
387 3345 422 3401 V.
442 3345 492 3403 70.
520 3364 565 3420 ep.
583 3344 618 3402 V.
636 3345 667 3414 8,
692 3364 738 3420 ep.
755 3343 790 3401 V.
808 3343 858 3413 21,
882 3362 927 3418 ep.
951 3343 987 3400 V;
1005 3344 1060 3413 43,
1090 3343 1125 3402 cf.
1149 3346 1304 3417 praeterea
1327 3362 1372 3418 ap.
1396 3344 1431 3398 V.
1450 3343 1501 3416 35,

317 3454 372 3509 ep.
390 3435 440 3492 46.
472 3434 565 3510 Saepe
582 3434 686 3492 eadem
701 3435 876 3510 argumenta
891 3421 1002 3491 tractat
1017 3434 1105 3507 atque
1122 3451 1196 3508 epp,
1221 3431 1256 3490 de
1281 3432 1389 3508 quibus
1412 3431 1502 3491 verba

325 3523 458 3595 facimus,
482 3523 519 3580 cf.
543 3542 589 3597 ep.
604 3523 656 3580 IV.
674 3522 724 3581 11.
748 3524 779 3580 at
801 3541 846 3598 ep.
873 3523 922 3581 71.

418 3611 496 3680 Quas
519 3629 621 3669 causas
645 3612 670 3668 si
690 3611 794 3669 animia
811 3612 1048 3686 complectemur,
1072 3615 1185 3670 certum
1203 3610 1345 3670 iudicium
1362 3611 1398 3669 de
1413 3614 1502 3685 poeta

327 3699 460 3774 proferre
484 3699 704 3758 abstinebimus

418 3787 531 3856 Quibus
555 3788 707 3847 causis-ec
731 3788 827 3846 minus
852 3805 1084 3853 commovemur,
1108 3791 1144 3844 ut
1165 3787 1247 3845 aliud
1271 3807 1325 3862 ep,
1349 3787 1429 3862 quod
1453 3807 1501 3843 cx·

328 3880 387 3935 stat
410 3877 439 3935 in
464 3878 565 3935 audem
590 3877 704 3953 sylloge
726 3876 890 3948 Rufiniama
913 3875 1051 3933 Palladae
1075 3875 1251 3949 tribuamus,
1275 3875 1354 3951 quod
1378 3875 1502 3934 auctori·

329 3969 388 4024 tate
412 3967 546 4025 codicum
570 3968 664 4025 caret:
689 3985 733 4041 ep.
751 3966 785 4022 V.
804 3961 855 4026 Vb.
878 3965 909 4022 in
932 3965 974 4039 P..
989 3964 1096 4022 Rufino
1120 3964 1276 4034 tributum,
1298 3965 1329 4022 in
1350 3965 1393 4022 Pl.
1417 3963 1502 4022 omis·

418 4138 438 4240 ζ)
456 4138 594 4222 Palladae
612 4137 745 4191 tribuunt
764 4138 783 4191 J
785 4135 880 4204 acobe,
899 4135 1085 4219 Boisscnadte,
1104 4136 1225 4200 Finsler,
1246 4135 1413 4190 Sternbach.

418 4212 440 4348 8)
457 4206 1333 4350 {ppnpeeppppprpppppessppppplpptlttlleppassrpd.sakolowski
1346 4278 1365 4332 l.
1380 4276 1398 4329 l.
1419 4295 1445 4346 p.
1460 4277 1503 4341 64,

329 4351 572 4490 gucssrpGresut-avit
592 4351 797 4405 Stadtmueller
817 4350 860 4406 ed.
874 4352 896 4404 I.
916 4352 1006 4421 praes.
1026 4369 1053 4420 p.
1068 4350 1179 4403 XXVI.
1201 4353 1229 4400 et
1248 4349 1280 4401 B.
1300 4348 1348 4417 ph.
1368 4347 1412 4400 W.
1434 4347 1503 4401 1896
