3372 5210
762 340 982 402 ·-5o-

283 523 474 598 ¹diversorum
498 541 564 598 epp.
587 521 778 594 inveniamus,
800 521 831 579 in
855 525 953 595 quam‘
967 539 1062 579 unum
1084 539 1130 598 ep.
1155 522 1228 581 482.
1251 520 1396 599 Agathiae
1419 522 1464 580 in-

287 609 401 672 sertum
424 614 476 671 est.

376 700 427 758 IX.
453 693 525 760 773.
549 718 606 757 non
634 700 697 757 tam
725 697 923 775 fragmentum
953 697 1035 775 cycli
1066 698 1144 774 finit,
1175 702 1211 758 ut
1242 701 1327 758 notet
1354 699 1465 759 Weiss·

287 789 405 866 haeupl,
429 807 518 864 quam
542 787 646 847 seriem
669 787 791 846 mixtam
813 787 925 862 incipit

376 877 490 947 Quibus
513 876 602 935 rebus
626 875 752 954 cognitis
775 895 1001 952 nequaquam
1024 876 1130 936 adduci
1156 893 1324 952 possumus,
1342 878 1379 935 ut
1401 896 1465 937 cen·

288 985 404 1028 scamus
427 965 463 1023 in
486 965 593 1024 libris
616 965 676 1040 Vl,
699 961 874 1040 VII.,1x.,
899 983 988 1040 quos
1010 984 1028 1022 a
1051 963 1286 1024 Constantino
1310 964 1466 1041 Gephala

288 1056 464 1115 collectos
498 1073 574 1113 esse
606 1072 706 1112 nemo
738 1053 852 1112 adhuc
884 1053 1046 1128 negavit,
1079 1074 1153 1131 epp.
1182 1055 1351 1113 Palladac
1374 1055 1467 1114 inter

288 1143 466 1222 Agathiae
499 1142 600 1219 cycli
632 1163 705 1219 epp.
738 1142 875 1202 inserta
907 1139 996 1216 es'se,
1035 1142 1095 1201 sed
1128 1162 1168 1202 ea
1201 1163 1219 1201 a
1251 1142 1466 1220 fragmentis

289 1231 390 1308 (lycli
413 1231 552 1292 secerni
577 1234 734 1307 possunt.

379 1320 425 1378 Ad
446 1319 611 1396 reliquos
636 1319 751 1379 libros
765 1320 801 1378 X.
817 1323 852 1378 et
865 1319 917 1378 XI.
933 1323 1118 1380 transeuntes
1134 1320 1343 1396 compositione
1359 1321 1465 1380 horum

289 1409 434 1469 librorum
462 1409 645 1484 discrepante
674 1409 760 1467 aliter
789 1408 930 1484 progredi
963 1409 1105 1486 cogimur.
1134 1401 1265 1469 ¹Omnes
1297 1409 1377 1469 anth.
1405 1410 1467 1468 Pal.

288 1497 358 1557 libri
382 1516 472 1573 quam
494 1496 685 1574 indiligenter
708 1496 825 1556 collecti
848 1496 915 1568 sint,
932 1497 1047 1557 Einsler
1070 1500 1100 1556 et
1116 1497 1319 1574 Weisshaeupl
1334 1516 1467 1574 perscru-

288 1587 345 1647 tati
376 1586 498 1665 ultimos
532 1585 716 1660 collectores,
748 1586 779 1643 in
816 1584 920 1661 primis
952 1579 1180 1645 Constantinum
1210 1586 1369 1663 Cephalum
1400 1606 1468 1663 epp.

290 1675 469 1751 disposuisse
497 1675 624 1734 rationes
652 1673 739 1733 nimis
768 1675 879 1750 amplas
912 1673 1048 1734 secutum
1079 1675 1284 1747 ostenderunt,
1317 1675 1368 1736 scd
1400 1695 1467 1734 eum

289 1765 410 1835 fontem,
434 1782 639 1839 quemcunque
661 1762 692 1820 in
716 1763 853 1822 manibus
877 1764 1000 1840 teneret,
1024 1763 1198 1823 continuum
1215 1764 1377 1824 exscribere
1399 1764 1468 1825 soli-

290 1856 356 1912 tum
380 1871 441 1912 esse
464 1851 654 1927 partitionem
677 1851 823 1910 librorum
847 1842 936 1928 quam
952 1858 1157 1929 proposuerat,
1173 1853 1380 1931 negligentem.
1404 1854 1469 1924 Qua

290 1960 322 2000 re
346 1960 413 2016 epp.
436 1943 555 2016 recepta
578 1943 647 2000 sunt
675 1959 751 2022 quae
781 1957 840 1998 non
872 1944 942 2000 sunt
974 1960 1076 2000 eorum
1108 1941 1265 2014 librorum,
1297 1942 1328 2000 in
1361 1942 1469 2018 quibus

290 2033 413 2089 exstant.

381 2117 460 2187 Quas
482 2135 530 2176 res
553 2135 612 2175 non
635 2116 706 2176 satis
729 2117 890 2194 respexisse
913 2117 970 2177 viri
992 2118 1073 2177 docti
1095 2118 1165 2177 libri
1187 2119 1223 2177 X.
1246 2119 1377 2178 ordinem
1401 2139 1466 2178 exa·

291 2207 436 2266 minantes
463 2205 537 2264 mihi
563 2205 717 2277 videntur,
744 2207 795 2266 sed
823 2207 855 2264 in
881 2206 1053 2266 universum
1080 2211 1140 2266 tres
1168 2207 1234 2268 illas
1257 2211 1357 2284 partes
1379 2207 1468 2267 huius

290 2294 360 2353 libri
391 2297 495 2353 notare
523 2294 744 2369 acquieverunt.
796 2294 872 2353 Sunt
900 2299 999 2354 autern
1026 2295 1081 2355 hae
1108 2299 1169 2356 tres
1196 2301 1307 2372 partes:
1347 2297 1375 2356 l.
1403 2317 1468 2374 epp.

292 2378 411 2468 1-25.
434 2383 576 2459 pleraque
599 2377 823 2460 protreptiea1),
848 2383 956 2459 quibus
974 2383 1102 2461 Priapus
1122 2376 1301 2467 ὁλεμνίτης
1316 2389 1420 2446 nautas
1434 2389 1470 2444 ut
1498 2403 1499 2406 ’

291 2491 360 2534 vere
383 2472 505 2530 ineunte
528 2472 593 2532 vela
615 2471 694 2546 dent,
719 2471 869 2543 admonet3
898 2493 964 2549 epp.
987 2492 1064 2550 quae
1087 2477 1265 2549 sequuntur,
1289 2475 1367 2534 hunc
1389 2474 1469 2533 Pria·

292 2580 366 2638 pum
395 2559 592 2619 describentis
625 2579 743 2620 sensum
765 2561 981 2637 protrepticum
1004 2561 1064 2621 iam
1086 2563 1272 2637 reliquerunt
1298 2563 1341 2638 (7,
1366 2564 1394 2633 8,
1419 2561 1470 2639 9.).

293 2649 407 2709 Deinde
430 2649 493 2707 Pau
509 2648 618 2724 excipit
632 2649 782 2727 Priapum,
806 2649 899 2710 donec
915 2669 961 2726 ep.
978 2652 1028 2711 14.
1049 2651 1085 2710 ad
1101 2650 1286 2726 propositum
1301 2651 1470 2710 revertitur.

225 2747 233 2762 ⁸
293 2739 341 2797 Ab
365 2757 410 2814 ep.
436 2738 494 2812 17,
528 2737 611 2798 cuius
634 2741 842 2815 argumentum
866 2739 1107 2799 consimillimum
1131 2743 1176 2798 ast
1198 2758 1244 2816 ep.
1273 2739 1333 2815 16,
1364 2739 1470 2816 incipit

293 2827 382 2887 series
410 2826 593 2903 alphabetica
624 2827 755 2904 Philippi
784 2846 916 2904 coronae,
940 2828 1024 2888 cuius
1047 2828 1141 2887 maior
1163 2847 1232 2904 pars
1254 2846 1314 2887 non
1336 2832 1381 2887 est
1403 2847 1469 2905 pro·

293 2915 429 2991 treptica.
466 2915 541 2990 Epp.
558 2916 759 2975 antecedentia
774 2919 844 2976 sunt
859 2917 1043 2976 diversarum
1059 2916 1276 2989 collectionum,
1292 2937 1356 2994 epp.
1374 2917 1470 2978 1-3.

294 3004 486 3080 Meleagreae,
504 3022 570 3079 epp.
588 3005 706 3064 4-13.
722 3005 845 3064 sortasse
861 3005 1041 3082 Philippeae,
1062 3025 1106 3082 ep.
1125 3006 1264 3065 14-16.
1279 3006 1470 3084 Agathianae,

295 3091 432 3151 Palladae
454 3110 521 3166 epp.
544 3091 592 3150 hic
615 3111 674 3151 ncn
696 3087 926 3170 inveniuntur.²)

385 3299 405 3364 ¹)
425 3297 500 3352 Sunt
519 3297 618 3351 omnia
635 3314 730 3368 neque
748 3295 945 3370 προτρεπτικά,
965 3317 1030 3354 cum
1050 3317 1114 3371 epp.
1126 3301 1149 3354 7.
1170 3306 1288 3371 atquae
1303 3306 1471 3372 sequuntur,

296 3369 373 3423 nihil
392 3368 520 3423 habeant
538 3369 723 3440 protreptici,
750 3386 844 3440 neque
863 3362 1068 3441 προπεμπτικᾶ,
1096 3389 1169 3440 quae
1188 3378 1274 3428 vocat
1292 3372 1471 3428 Sakolowahi

295 3441 314 3496 l.
327 3441 347 3497 l.
367 3458 395 3510 p.
410 3440 443 3493 12
463 3439 528 3493 adn.
542 3443 567 3510 5,
588 3457 654 3494 cum
673 3457 738 3511 epp.
757 3441 894 3510 9,12,13.
914 3442 972 3496 alia
989 3448 1159 3512 repugnent.

385 3511 406 3580 Β)
424 3512 507 3565 Haec
524 3511 602 3565 inter
621 3527 685 3582 epp.
705 3512 736 3565 in
748 3512 886 3582 Priapum
905 3514 965 3568 sive
983 3514 1015 3566 in
1028 3515 1135 3568 Panem
1154 3515 1262 3586 scripta
1279 3532 1370 3569 unum
1388 3532 1432 3584 ep.
1446 3516 1471 3569 3.

297 3581 450 3651 excipitur,
471 3580 549 3651 quod
569 3582 742 3636 sententiam
762 3582 799 3636 ad
816 3588 938 3637 mortem
957 3585 1149 3656 pertinentem
1168 3586 1286 3657 profert.
1320 3586 1415 3653 Quam
1434 3585 1471 3640 ob

297 3669 357 3705 rem
376 3668 441 3705 curn
461 3668 505 3721 ep.
525 3652 718 3723 praecedente
738 3654 973 3724 coniungendum
993 3672 1054 3711 esse
1073 3657 1196 3728 conicio,
1214 3658 1246 3711 in
1265 3657 1344 3727 quod
1363 3656 1473 3728 optime

298 3721 433 3793 quadrat:
462 3722 586 3793 Priapus
611 3725 687 3777 enim
706 3730 810 3780 nautas
829 3726 1011 3796 adhortatus,
1035 3732 1069 3782 ut
1087 3745 1174 3782 naves
1193 3729 1319 3797 solvant,
1343 3744 1380 3782 ne
1399 3728 1473 3798 peri-

297 3793 365 3848 cula
375 3793 534 3862 navigandi
548 3795 678 3864 timeant,
692 3795 771 3866 quod
784 3814 861 3851 mors
874 3814 923 3852 eos
934 3797 1044 3867 ubique
1057 3814 1203 3868 capessere
1215 3799 1315 3868 possit,
1328 3798 1473 3856 admonet.

297 3865 451 3934 Firmatur,
472 3865 551 3935 quod
570 3866 673 3935 sentio,
694 3883 738 3937 ep.
760 3868 810 3937 14,
830 3867 909 3938 quod
928 3869 999 3938 quin
1019 3868 1055 3922 ad
1074 3869 1131 3924 hoc
1148 3869 1330 3924 referendum
1348 3869 1395 3932 sit,
1413 3887 1473 3924 non

298 3941 342 3991 est
354 3935 489 3992 dubium:
509 3937 545 3992 cs.
559 3954 586 3993 v.
600 3937 625 3990 2.
641 3940 719 4008 φρικὶ
731 3936 926 4010 χαρασσομένη
938 3971 971 3979 -
985 3957 1029 4010 ep.
1041 3940 1082 3995 14.
1098 3958 1123 3994 v.
1138 3939 1162 3996 2.
1178 3942 1255 4009 φρικὶ
1269 3937 1474 4011 χαρασσόμενα,

297 4012 422 4077 utroque
442 4025 485 4078 ep.
505 4013 609 4078 poetae
629 4008 815 4064 hirundinem
834 4010 951 4064 domum
967 4009 1123 4080 fingentem
1135 4011 1266 4081 laudant,
1285 4017 1315 4065 at
1327 4011 1473 4082 plerisque

298 4079 365 4132 aliis
384 4095 449 4170 epp.
473 4079 661 4133 hirundinem
684 4081 866 4150 garrientem.
903 4081 1026 4152 Respice
1044 4087 1193 4153 praeterea
1215 4083 1303 4137 verba
1326 4083 1472 4153 opposita:

299 4166 342 4231 ep.
357 4151 381 4204 3.
401 4142 449 4235 err:
468 4145 517 4203 ἄνι’
536 4145 657 4220 Ἀθηνῶν
677 4183 707 4191 -
729 4146 785 4206 εἴτε
803 4147 835 4206 ἐκ
847 4149 960 4225 Μερόης
978 4160 1007 4209 et
1025 4155 1140 4225 ep.14.:
1158 4143 1212 4208 xdie
1229 4148 1305 4224 παρὰ
1320 4152 1472 4225 Σύρτιν-

299 4237 353 4274 καν
371 4235 446 4292 παρα
465 4221 622 4289 Σικελικήν.
654 4223 750 4276 Etiam
769 4240 861 4278 nexus
880 4225 1087 4280 sententiarum
1106 4226 1271 4280 simillimus
1290 4231 1341 4281 est.
1372 4224 1473 4294 Neque

298 4291 476 4346 innumeris
495 4294 615 4347 mutatis
635 4293 838 4348 offendendum
858 4301 910 4366 est,
930 4296 1007 4366 quod
1026 4313 1070 4367 ep.
1090 4298 1114 4353 3.
1133 4296 1254 4368 praebet
1271 4313 1386 4350 sensum
1398 4313 1473 4351 com-

299 4379 424 4416 munem.
462 4363 545 4428 Quae
564 4381 629 4435 epp.
649 4365 837 4436 iampridem
860 4366 1007 4423 disiuncta
1030 4384 1090 4422 esse
1114 4373 1235 4438 apparet
1256 4383 1304 4436 eo,
1333 4367 1411 4437 quod
1429 4367 1473 4422 Pl.

300 4450 334 4488 aa
352 4433 475 4488 dissecta
493 4434 589 4490 tradit.
