3372 5210
755 289 975 347 -.16-

280 474 344 528 tum
378 473 441 528 erat
473 488 490 526 1
522 467 696 526 Christianis
723 465 870 542 proiecto,
902 465 1075 540 praesertim
1105 483 1172 522 cum
1201 484 1268 540 epp.
1297 465 1458 523 sententiae

279 557 475 618 consentiant:
489 555 535 616 cf.
559 577 603 633 ep.
620 555 671 616 IX.
690 555 762 616 181.
778 575 805 614 v.
824 556 851 613 l.
876 558 905 613 et
922 574 973 629 ep.
989 555 1024 610 X.
1042 555 1095 612 90.
1109 573 1135 612 v.
1155 553 1182 612 7.
1212 593 1214 596 -

370 645 429 706 Sed
450 663 509 704 non
531 645 619 705 modo
643 644 688 703 his
711 643 887 703 testimoniis
911 643 1090 702 extrinsecus
1115 641 1249 716 sumptis,
1283 641 1337 700 sed·
1367 643 1457 702 etiam

280 735 471 796 sententiis
500 733 778 810 philosophicis,
808 750 895 808 quas
918 731 952 788 in
976 751 1050 808 epp.
1075 730 1247 806 explicat,
1275 730 1460 791 demonstrat

280 825 470 889 Palladas.se
494 824 591 882 animo
613 841 672 882 non
695 821 787 882 fuisse
811 820 1017 880 Christianum.
1048 820 1200 887 Permulta
1222 819 1253 876 in
1277 839 1342 895 epp.
1359 820 1454 880 Palla-

281 914 340 984 das,
364 916 399 972 ut
422 918 468 971 est
489 915 662 988 praeceptor
690 915 721 970 et
748 929 806 969 usu
833 909 912 970 vitae
934 910 1062 985 peritus,
1095 908 1210 984 profert
1241 909 1398 984 proverbia
1430 922 1460 970 et

280 1004 446 1077 praecepta,
479 1020 554 1076 quae
587 1000 623 1058 ad
656 999 747 1059 vitam
780 999 990 1057 instituendam
1025 1000 1167 1074 spectant.
1224 997 1338 1066 Quibus
1369 997 1459 1060 rebus

282 1109 461 1167 quamquam
484 1089 606 1165 Epicuri
628 1089 757 1148 rationes
784 1089 816 1146 in
843 1087 945 1163 primis
976 1087 1124 1163 sequitur,
1156 1090 1255 1145 tamen
1286 1105 1346 1146 non
1377 1090 1459 1147 totus

230 1198 233 1204 ·
281 1179 495 1255 Epicureorum
527 1178 697 1255 disciplinae
720 1177 837 1236 deditus
862 1180 916 1248 est,
939 1176 989 1235 sed
1021 1194 1132 1235 morem
1154 1175 1323 1251 aequalium
1339 1179 1459 1236 secutus

282 1287 317 1327 ex
350 1267 485 1325 omnibus
516 1266 760 1343 philosophorum
787 1265 950 1340 disciplinis
974 1265 1133 1324 sententias
1158 1265 1255 1341 elegit.
1302 1263 1459 1325 Summum

282 1356 402 1433 quidem
433 1357 524 1415 deum
557 1356 701 1432 agnoscit,
735 1375 821 1431 quem
845 1349 927 1413 θεόν
949 1354 1079 1430 appellat
1107 1374 1173 1429 epp.
1196 1354 1231 1412 X.
1258 1355 1307 1424 57,
1333 1355 1388 1424 94,
1412 1356 1461 1413 vel
1564 1375 1568 1382 ·

282 1439 418 1521 δαίμονα
446 1446 481 1504 Χ.
506 1446 561 1519 34,
592 1445 642 1518 77,
670 1443 737 1503 VII.
763 1443 840 1520 610,
869 1444 920 1502 sed
948 1442 1100 1519 praeterea
1135 1443 1295 1501 Fortunam
1331 1461 1392 1502 esse
1430 1445 1461 1502 iu

282 1533 474 1611 primianum
498 1534 647 1609 plerisque
670 1533 842 1608 aequalibus
866 1533 967 1603 credit,
991 1551 1066 1608 quae
1090 1532 1183 1602 vitam
1206 1531 1359 1590 hominurn
1374 1537 1460 1609 regat

283 1623 379 1681 animo
404 1622 554 1680 mutabili:
578 1641 668 1698 quam
692 1622 866 1680 sententiam
881 1621 1096 1698 Epicureorum
1120 1624 1224 1695 terere,
1248 1621 1331 1680 novis
1354 1621 1459 1698 figuris

284 1715 313 1770 et
336 1711 476 1787 exemplis
500 1711 653 1770 ostendere
677 1711 761 1769 deam
777 1711 939 1769 Fortunam
956 1729 1072 1769 caecam
1088 1713 1119 1768 et
1138 1709 1351 1768 inconstantem
1367 1713 1460 1769 sortes

283 1800 437 1859 hominum
454 1803 623 1876 permutare
638 1819 790 1875 uunquam
807 1798 901 1869 desiit,
926 1800 977 1858 sed
992 1799 1092 1858 iniecit
1107 1799 1257 1856 interdum
1267 1799 1462 1876 scindignuri,

285 1888 366 1964 quod
388 1888 521 1947 Fortuna
545 1888 680 1963 sibiipsi
704 1893 765 1946 tam
793 1908 915 1963 parvam
943 1892 1053 1947 sortem
1079 1887 1246 1957 tribuisset,
1275 1887 1312 1946 cf.
1338 1907 1403 1963 epp.
1426 1889 1462 1946 X.

285 1979 337 2052 62,
362 1979 411 2047 65,
437 1977 488 2052 80,
513 1978 564 2050 87,
587 1978 636 2050 96,
661 1977 712 2037 IX.
730 1977 914 2035 180-183,
938 1977 1033 2036 multa
1056 1977 1121 2034 alia.
1169 1976 1353 2052 Quamquam
1376 1996 1461 2052 prae·

286 2069 367 2126 terea
390 2066 460 2124 deos
484 2065 673 2141 antiquorum
697 2065 876 2125 Graecorum
899 2069 1069 2140 praesentat
1091 2066 1159 2123 inde
1183 2064 1219 2122 ab
1243 2065 1318 2124 Jove
1347 2083 1462 2124 summo

285 2153 364 2231 (epp.
388 2155 439 2214 IX.
465 2154 537 2229 165,
564 2153 648 2231 167.)
671 2173 765 2231 usque
789 2155 826 2213 ad
849 2155 948 2213 Musas
971 2154 1048 2232 (epp.
1072 2155 1123 2212 IX.
1142 2155 1214 2229 170,
1238 2147 1300 2211 ΧΙ.
1320 2151 1408 2230 343.)
1433 2158 1463 2212 et

286 2243 434 2302 Victorias
462 2239 521 2322 (ep.
543 2244 625 2302 XVI.
650 2245 735 2318 282.)
763 2276 801 2286 -
840 2245 875 2302 de
904 2243 968 2303 dcis
995 2243 1151 2320 Aegyptiis
1177 2243 1238 2300 iam
1265 2242 1391 2302 diximus
1419 2275 1463 2284 —-

285 2336 385 2390 tamen
412 2332 457 2391 his
486 2332 547 2390 deis
576 2333 739 2391 carminum
763 2333 964 2390 'ornandorum
993 2351 1081 2391 causa
1107 2331 1285 2390 introductis
1312 2350 1372 2390 non
1394 2350 1464 2390 con·

288 2420 377 2480 stanti
400 2420 458 2478 fide
482 2420 617 2480 addictus
640 2425 692 2496 est,
716 2421 766 2480 sed
790 2421 887 2480 studio
911 2422 1009 2479 omnia
1031 2421 1061 2479 in
1085 2421 1210 2479 dubium
1232 2421 1389 2480 revocandi
1412 2420 1463 2479 de·

286 2509 368 2568 ditus
391 2509 515 2567 deorum
538 2509 610 2568 vitia
633 2510 729 2585 carpit
751 2511 808 2586 (ep.
831 2510 866 2568 X.
893 2504 965 2590 53.).

377 2597 485 2657 Contra
509 2598 665 2658 mutabiles
687 2617 771 2659 casus
793 2599 940 2657 Fortunae
962 2599 1073 2658 iterum
1096 2599 1312 2674 Epicureorum
1334 2598 1464 2657 rationes

288 2691 407 2746 secutus
434 2678 572 2768 ἡσυχίην,
596 2679 773 2769 ἀταραξίαν
795 2688 1023 2763 Epicureum,
1047 2687 1234 2746 commendat
1257 2690 1288 2745 et
1310 2687 1463 2762 praecipit,

287 2780 323 2835 ut
344 2777 477 2836 homines
505 2777 637 2836 contenti
665 2778 724 2836 sint
754 2776 894 2836 mediocri
927 2781 1005 2836 sorte
1037 2793 1133 2853 neque
1165 2779 1341 2852 paupertate
1372 2776 1465 2852 pressi

287 2884 383 2939 nequa
406 2865 517 2923 divitiis
542 2865 667 2940 excitati,
692 2867 728 2925 cf.
752 2886 817 2941 epp.
840 2865 892 2924 IX.
918 2861 995 2939 172,
1020 2867 1098 2941 394,
1125 2867 1162 2924 Χ.
1187 2866 1237 2938 51,
1263 2866 1313 2940 61,
1340 2865 1389 2939 77,
1414 2864 1464 2938 86,

289 2953 354 3011 XV.
371 2954 423 3025 20,
431 2954 468 3010 X.
484 2955 536 3027 46,
552 2955 602 3014 Xl.
621 2956 693 3014 300.
739 2955 837 3012 Etiam
861 2955 891 3012 id
915 2954 997 3032 quod
1013 2955 1159 3030 Epicurus
1176 2953 1260 3013 dicit:
1285 2945 1302 3011 ὁ
1318 2948 1464 3023 θάνατος

289 3032 379 3100 οὐδὲν
402 3034 484 3121 πρὸς
506 3033 591 3118 ἡμᾶς
614 3042 651 3101 ob
676 3061 798 3116 eamque
822 3061 941 3100 causam
968 3046 1094 3102 mortem
1117 3061 1176 3101 non
1205 3061 1267 3102 esse
1295 3042 1464 3115 timendam,

287 3129 425 3188 Palladas
448 3129 550 3187 multis
572 3131 603 3186 in
627 3149 693 3206 epp.
716 3131 875 3205 praedicat,
899 3137 999 3189 tamen
1022 3131 1201 3190 studendum
1226 3150 1288 3191 esse
1317 3131 1400 3203 dicit,
1429 3134 1465 3189 111

289 3218 383 3277 vitam
415 3219 588 3294 perbrevem
626 3219 816 3278 instituamus
849 3237 938 3295 quam
975 3219 1226 3291 iucundissimam,
1266 3220 1346 3296 quod
1376 3219 1465 3278 simil·

287 3307 395 3365 limum
419 3306 534 3382 011011,
558 3325 632 3383 quas
655 3307 794 3383 Epicurei
817 3307 949 3367 sentiunt
972 3308 1008 3367 de
1031 3303 1194 3384 voluptate,
1217 3310 1253 3368 cf.
1275 3329 1341 3385 epp.
1361 3310 1396 3369 X.
1414 3309 1465 3382 47,

241 3407 244 3412 ’
285 3397 343 3469 ,77,
361 3397 410 3470 78,
434 3396 484 3454 XI.
503 3397 552 3466 54,
572 3398 621 3471 55,
640 3398 689 3455 62.
744 3397 787 3455 Eo
816 3394 896 3473 quod
925 3397 1063 3457 Palladas
1091 3397 1213 3473 Epicuri
1246 3398 1404 3457 sententias
1436 3397 1466 3454 in

287 3485 392 3559 primis
415 3484 471 3544 sibi
494 3485 637 3560 adsciscit,
661 3486 834 3561 affirmatur,
859 3487 938 3562 qnod
962 3488 993 3545 in
1017 3487 1115 3563 priore
1138 3488 1228 3547 huius
1253 3487 1357 3563 capitis
1380 3489 1465 3562 parte

289 3573 478 3632 coniecimus:
494 3574 689 3633 Themistiurn
705 3575 867 3634 orationem
883 3575 1019 3634 XXXIV.
1036 3579 1138 3635 contra
1153 3576 1305 3634 Palladam
1321 3575 1466 3634 babuisse

289 3661 324 3720 ln
346 3661 404 3720 fine
420 3662 498 3722 enim
513 3663 602 3722 huius
619 3665 758 3723 orationis
775 3666 936 3722 sectatores
951 3665 1073 3739 Epicuri
1088 3664 1267 3723 Themistiue
1283 3663 1465 3738 aggreditur,

290 3750 369 3825 quod
393 3751 430 3809 ad
453 3752 606 3810 Palladarn
630 3752 776 3829 quadrare
799 3770 876 3810 nunc
899 3752 1040 3811 videmus.
1086 3749 1156 3809 Iure
1178 3771 1213 3810 ac
1236 3751 1342 3808 merito
1371 3749 1467 3826 igitur

289 3839 361 3898 haec
384 3840 474 3898 verba
496 3840 555 3898 iam
578 3861 595 3898 a
618 3841 696 3899 Maio
720 3841 756 3900 ad
780 3840 932 3899 Palladem
954 3841 1049 3899 relata
1072 3835 1181 3913 sunt.²)

378 3927 422 3986 De
460 3929 573 3988 animae
610 3929 834 3988 immortalitate
872 3929 1007 3989 Palladas
1045 3929 1163 3987 Platoni
1195 3945 1363 4005 repugnans
1394 3927 1467 3988 haec

290 4017 392 4075 sentit:
421 4016 552 4076 homines
581 4039 596 4077 a
624 4019 688 4077 luto
717 4022 829 4078 creatos
857 4022 925 4094 post
951 4021 1077 4077 mortem
1104 4019 1204 4077 lutum
1227 4018 1276 4077 val
1298 4017 1372 4075 nibil
1394 4016 1467 4087 fieri,

290 4105 326 4164 01.
351 4125 416 4181 epp.
440 4107 475 4164 X.
498 4108 548 4182 58,
574 4108 623 4182 59,
650 4109 699 4179 78,
726 4108 776 4180 79,
801 4107 851 4182 84,
877 4107 926 4179 85,
950 4107 1002 4167 XI.
1027 4109 1100 4181 349,
1133 4101 1206 4166 VII.
1226 4107 1302 4174 339,
1326 4100 1368 4167 X.
1392 4106 1466 4166 118.

292 4192 356 4263 Qua
374 4213 391 4252 a
410 4196 553 4254 sententia
567 4213 659 4254 unum
677 4215 722 4273 ep.
738 4197 772 4254 X.
791 4197 841 4255 88.
858 4196 1015 4273 discrepat,
1032 4197 1112 4273 quod
1127 4196 1323 4256 immortalem
1340 4195 1467 4253 animam

288 4431 290 4438 ,
380 4385 401 4454 ²)
419 4390 479 4438 not.
499 4383 535 4438 ad
554 4384 583 4439 h.
602 4384 622 4438 l.
642 4383 686 4439 cd.
705 4383 839 4439 Dindorf.
860 4402 887 4454 p.
901 4385 962 4439 471.
