3372 5210
702 325 923 383 „61-

229 501 370 578 pertinet,
400 521 466 561 oum
491 521 557 577 epp.
580 505 633 560 aut
660 502 845 578 singulorum
869 507 1111 579 argumentorum
1139 508 1192 562 aut
1214 504 1410 581 singulorum*

229 594 384 667 poetarum
412 591 588 650 contineant.
636 590 677 648 Ut
700 609 758 649 non
782 593 1033 667 praetermittam,
1054 593 1259 670 anthologiam
1283 591 1410 654 Orionis·

229 679 368 750 Thebani,
385 679 465 755 quod
488 683 587 738 ortum
605 697 665 738 esse
679 679 757 738 inter
772 677 906 756 Philippi
930 685 960 739 et
974 679 1121 758 Agathiae
1137 685 1265 740 aetatem
1282 683 1402 742 Passow

229 763 397 844 credidit¹),
420 787 479 828 non
502 786 564 828 esse
588 759 783 846 ἅνθολόγιον
806 761 1061 847 ἐπιγραμμάτων
1083 769 1197 830 Ritschl
1218 770 1401 830 demonstra*

229 851 313 938 visst)
358 857 456 916 Etiam
485 857 566 933 quod
589 857 707 916 Passow
731 857 821 916 sentit
850 858 905 917 hoc
928 857 1131 936 anthologiam
1154 860 1184 917 in
1205 860 1304 919 codice
1327 861 1399 918 Var-

229 946 363 1006 sowiensi
385 950 534 1006 servatum
558 963 629 1021 esse,
651 946 820 1021 nuperrime
842 941 1152 1023 70111111111111113)

319 1034 413 1105 Quae
437 1054 513 1094 oum
531 1035 582 1093 ita
605 1035 688 1109 sint,
712 1039 784 1093 tres
807 1039 946 1095 restant
968 1036 1057 1107 vise,
1082 1036 1213 1113 quibus
1229 1038 1404 1096 Palladae

229 1145 304 1200 epp.
326 1124 362 1182 in
385 1123 632 1201 anthologiam
657 1123 857 1182 Palatinam
880 1125 1031 1184 introire
1054 1126 1256 1202 potuerint:

319 1216 382 1272 aut
405 1213 462 1271 alia
484 1213 596 1272 exstitit
619 1212 753 1272 collectio
783 1232 848 1289 epp.
871 1214 955 1272 nobis
979 1213 1075 1273 adhuc
1097 1214 1229 1272 nondum
1259 1218 1343 1291 notu,
1372 1215 1403 1274 in

229 1321 288 1378 qua
311 1299 453 1360 Palladae
478 1321 544 1377 epp.
571 1305 690 1377 recepte
716 1305 812 1373 erant,
840 1303 918 1361 unde
942 1302 1086 1378 Cephalus
1114 1322 1179 1379 epp.
1207 1304 1347 1363 Pallados
1370 1305 1403 1362 irr

229 1409 310 1450 suam
327 1391 474 1468 syllogam
489 1391 651 1460 transtulit,
669 1395 742 1460 aut,
759 1392 894 1450 collectio
909 1411 975 1468 epp.
986 1391 1123 1451 Pallsdse
1140 1393 1268 1450 solorum
1286 1397 1413 1452 servata·

229 1480 375 1556 Cephalae
399 1480 430 1537 in
463 1479 598 1538 manibus
626 1483 704 1551 erat,
729 1482 803 1555 aut,
833 1481 980 1556 quomodo
1004 1481 1059 1538 hae
1082 1481 1146 1541 viae
1171 1480 1400 1558 coniunguntur,

229 1569 366 1628 Pallados
381 1569 444 1644 ipse
467 1569 669 1628 collectionem
690 1569 863 1644 composuit,
887 1570 917 1627 in
942 1589 1077 1645 quasue
1100 1589 1166 1645 epp.
1183 1589 1251 1629 cum
1274 1571 1399 1628 aliorum

230 1661 384 1733 poetarum
404 1677 470 1733 epp.
493 1657 675 1733 permiscuit.

317 1746 574 1823 Anthologiam
597 1746 798 1804 Palatinam
821 1747 950 1805 iterum
973 1747 1242 1822 perlustrantes
1265 1750 1401 1806 rectam

229 1836 318 1894 viam
358 1835 520 1894 invenire
559 1853 734 1894 conemur.
789 1836 934 1911 Perssepe
966 1833 1107 1894 Pelladse
1146 1855 1212 1912 epp.
1246 1836 1404 1896 coniuncta

229 1923 354 2002 legimus
377 1943 446 1983 cum
475 1944 540 2000 epp.
564 1923 683 1982 Lucillii
706 1942 759 1983 seu
781 1924 915 1998 Luciam,
940 1943 1068 2000 quorum
1090 1925 1208 1983 nomina
1235 1945 1252 1983 a
1274 1925 1405 1985 librariis

229 2017 351 2090 propter
378 2013 498 2072 nimiam
530 2013 699 2071 litterarum
731 2012 953 2072 similitudinem
985 2014 1139 2074 sescenties
1172 2015 1252 2090 quod
1280 2013 1403 2074 confusa

229 2105 306 2173 sunt,
330 2121 416 2179 aegre
439 2102 569 2160 ferimus
615 2102 651 2159 In
673 2102 823 2178 plerisque
846 2102 983 2161 Palladae
1007 2121 1086 2178 epp,
1110 2121 1238 2178 quorum
1260 2103 1411 2160 lemmata·

229 2191 308 2249 varie
331 2191 439 2250 tradita
462 2194 544 2262 sunt,
573 2191 713 2249 lemmata
736 2192 812 2250 inter
834 2191 941 2249 horum
963 2194 1119 2266 poetarum
1146 2192 1266 2250 nomina
1288 2191 1405 2250 variare

228 2280 324 2355 primo
348 2280 442 2356 capite
458 2279 593 2339 vidimus.
641 2279 839 2356 congeramus
855 2280 948 2355 igitur
967 2280 1064 2354 series,
1087 2279 1117 2337 in
1141 2279 1249 2356 quibus
1265 2279 1407 2338 Palladae

229 2387 295 2444 epp.
319 2387 384 2428 cum
410 2388 475 2444 epp.
499 2367 618 2427 Lucillii
640 2387 693 2427 seu
715 2368 839 2428 Lucieni
862 2369 1019 2428 coniuncta
1042 2369 1224 2428 exhibentur.

320 2451 352 2538 1)
375 2457 425 2516 IX.
451 2458 523 2516 119.
546 2457 691 2516 Palladae.

377 2579 420 2588 -
445 2547 517 2605 120.
541 2545 664 2606 Luciani
688 2540 862 2622 Samosatf)

318 2638 336 2693 2
389 2637 424 2694 X.
449 2636 589 2694 26—43.
611 2635 763 2711 permixta.

377 2757 421 2766 -
446 2723 586 2783 44-63.
610 2743 690 2782 mera
713 2724 800 2784 series
824 2744 889 2800 epp.
914 2724 1061 2782 Palladae.

373 2812 425 2871 XI.
450 2813 634 2873 256-317.
1103 2819 1106 2824 '

374 2902 425 2960 XI.
450 2902 523 2962 371.
547 2902 685 2961 Palladae
708 2903 750 2976 P.,
773 2922 800 2962 n.
825 2902 844 2958 l.
868 2903 912 2959 Pl.

377 3023 420 3032 —
446 2992 518 3050 372.
542 2990 686 3067 Agathiae
710 2989 806 3049 Schol.
830 2990 872 3063 P.,
886 2984 944 3048 τοῦ
968 2981 1067 3048 αὐτοῦ
1092 2991 1142 3062 [so.
1159 2983 1290 3072 Lucillii]
1314 2991 1361 3050 Pl..

377 3113 421 3120 —-
446 3080 518 3140 373.
544 3073 723 3156 Palladae.⁶)

318 3169 489 3227 Proximum
513 3172 566 3243 est,
589 3172 625 3227 ut
646 3169 724 3227 inter
746 3169 852 3227 herum
872 3171 1014 3245 quattuor
1037 3169 1179 3226 serierum
1204 3188 1269 3244 epp.
1293 3168 1403 3226 (11111111ί

230 3275 337 3330 camna,
361 3276 435 3332 quae
450 3257 571 3317 Lucillii
595 3276 729 3334 quaeque
745 3257 869 3316 Luciani
892 3257 958 3317 sint.
992 3256 1077 3326 Quod
1099 3258 1156 3317 viri
1180 3257 1259 3315 docti
1274 3257 1404 3314 alterum

229 3350 348 3422 poetam
370 3349 531 3405 tractantes
553 3346 651 3405 conati
678 3347 729 3404 alii
757 3347 813 3404 alia
841 3347 1063 3405 contenderunt.
1110 3343 1186 3402 Nam
1213 3365 1309 3420 neque
1332 3345 1402 3404 licet

229 3434 393 3494 Lucienum
425 3435 461 3493 de
488 3435 598 3493 tabulis
626 3434 1022 3512 epigrammatographorum
1054 3433 1194 3505 eximere,
1227 3434 1307 3510 quod
1335 3453 1404 3509 epp.

229 3523 346 3582 nomine
370 3523 434 3584 eius
457 3529 560 3582 ornate
582 3542 641 3582 non
664 3520 754 3601 digna
782 3525 841 3584 sint
864 3524 927 3582 eius
954 3523 1086 3600 ingenio,
1114 3526 1149 3581 ut
1172 3517 1281 3599 Setciss)
1310 3522 1400 3594 iubet,

229 3631 324 3688 neque
348 3610 446 3670 omnia
468 3631 534 3688 epp.
550 3612 673 3672 Luciani
695 3631 802 3671 nomen
817 3632 886 3688 prae
911 3631 941 3671 se
965 3611 1090 3670 ferentia
1113 3616 1203 3688 atque
1227 3612 1284 3670 alia
1306 3613 1405 3688 plura,

231 3719 306 3776 quae
330 3701 423 3760 simile
447 3702 611 3777 quidquam
633 3702 760 3760 habeant
782 3701 864 3760 libris
887 3700 1023 3772 Luciani,
1047 3702 1174 3778 genuina
1203 3720 1265 3760 csse
1287 3704 1401 3776 putare,

231 3789 311 3866 quod
334 3790 447 3849 faciunt
469 3791 615 3866 plerique,
640 3791 692 3866 qui
715 3790 808 3850 libros
830 3790 953 3849 Luciani
983 3790 1151 3864 ediderunt,
1179 3790 1353 3866 praesertim
1377 3789 1404 3847 si

320 3926 340 4066 ξ
360 3925 466 4050 gpusc.
478 3924 690 4050 Iercad.5q18‹rtitia
708 3923 744 4050 (ile
763 3924 1070 4051 agtholctrggoprionis
1089 3924 1228 3979 Thebani.

320 4067 330 4100 ³
385 4013 464 4066 pusc.
495 4014 547 4066 .p.
616 4012 696 4066 .eqq.
737 4013 752 4050 e
798 4014 864 4051 roe
924 4013 1013 4051 rrcne.
1262 4069 1264 4076 γ

319 4067 341 4206 ‘l
358 4067 481 4208 liiiio
494 4067 841 4221 illigezit'aiiiiluellerum
859 4140 891 4194 B.
910 4139 958 4208 ph.
972 4137 1017 4192 W.
1040 4138 1115 4192 1895.
1135 4154 1163 4207 p.
1176 4136 1237 4192 356.
1285 4138 1290 4150 '
1347 4206 1353 4218 .

320 4211 341 4278 ⁶)
359 4207 578 4263 Stadtmuellerr
600 4215 766 4264 oonrectura
788 4209 824 4263 dc
849 4226 893 4279 ep.
911 4208 976 4263 VH.
995 4210 1055 4263 307.
1079 4208 1157 4263 faeta
1174 4208 1296 4262 fortasse
1315 4212 1404 4261 etiam

230 4280 740 4477 elzgoisss'lllflll'epigramma
765 4349 794 4404 11
813 4352 954 4407 Lucieno.
989 4351 1055 4406 niv.
1079 4348 1110 4404 11
1127 4349 1198 4406 mol.
1222 4350 1290 4406 xx.
1313 4348 1408 4420 (1892)

230 4439 258 4492 1)·
326 4439 407 4493 «81111
