3372 5210
780 327 1002 384 -96-

300 502 404 560 μη.-
427 502 568 572 esan..
603 536 604 543 ¹
644 502 693 561 ix.
721 503 792 577 174,
811 504 837 560 7.
952 505 986 562 m
1013 505 1063 575 77,
1081 505 1108 564 1.
1230 507 1280 564 m.
1306 509 1383 581 ens,
1397 510 1424 568 3.

349 591 405 648 dli.
431 592 459 660 5,
476 591 503 648 3.
544 595 546 600 ’
575 627 577 632 ,
721 593 794 665 484,
812 594 839 650 5.
938 592 989 651 XI.
1014 594 1132 668 349,1.
1202 595 1282 653 XVI.
1307 598 1448 672 207,1.,

429 680 547 749 394,1.
661 682 696 739 x.
722 681 816 758 57,1.
1027 715 1076 754 -,
1104 685 1131 742 3.
1224 691 1227 696 ¹

353 792 371 818 ν
395 765 431 824 In
461 769 585 844 reliquis
617 769 717 828 decem
749 769 882 829 versibus
914 771 966 828 illa
997 770 1087 830 thesis
1120 772 1267 847 expletur:
1291 793 1362 832 voce
1386 765 1405 854 ἢ
1428 773 1479 836 ΙΧ.

298 857 436 932 «.484,,3.
468 850 535 914 c’od
567 857 617 914 ΧΙ.
646 858 766 930 283,1.
795 852 855 916 d'e'v
877 859 928 917 ΧΙ.
956 860 1027 930 355,
1050 860 1078 918 1.
1106 853 1191 938 μοῖρ’
1222 862 1258 919 X.
1276 862 1369 934 88,1.
1403 857 1480 934 στὰς

306 946 487 1020 X1.;263‚1.
542 946 698 1005 Praeterea
729 947 759 1004 in
791 947 1001 1031 hisuversibus
1034 949 1181 1024 spondens
1212 950 1242 1007 in
1271 955 1377 1026 quarto
1406 954 1480 1028 pede

297 1029 472 1094 exhibetur:
504 1035 539 1092 X.
558 1027 905 1115 {abdirama-dodon.
946 1036 996 1094 ΧΙ.
1015 1038 1126 1109 303,1.
1143 1044 1251 1113 μισεῖς.
1298 1041 1348 1098 ΧΙ.
1367 1041 1439 1111 306,
1451 1043 1479 1098 3.

301 1118 449 1202 γαμήσει.
494 1125 529 1182 X.
548 1123 638 1195 34‚1·.
653 1123 796 1204 μέριμνα.
838 1126 873 1185 Χ.
891 1121 1141 1205 49‚1.eepq›p.¹)
1187 1127 1334 1187 Homerus
1363 1137 1480 1206 quoque

298 1212 470 1288 spondeum
494 1217 560 1270 ante
584 1231 734 1272 caesuram
759 1214 922 1272 bucolicam
945 1214 1085 1280 admittit,
1113 1207 1212 1273 tamen
1235 1217 1259 1275 ei
1283 1221 1406 1293 quartus
1429 1237 1480 1292 pes

295 1301 435 1377 .:spondeo
459 1301 602 1376 expletur,
624 1302 724 1377 potius
747 1303 1015 1377 semiseptenariam
1039 1323 1129 1379 quam
1152 1322 1301 1363 caesuram
1317 1305 1480 1365 bucolicam

303 1389 435 1448 adhibet
480 1390 593 1448 Deinde
617 1390 764 1450 Homerus
788 1391 913 1449 evitavit
935 1392 1098 1467 spondeum
1127 1393 1226 1468 quarti
1253 1394 1349 1468 pedis,
1377 1394 1402 1453 si
1430 1413 1481 1469 pes

303 1478 429 1554 quintus
452 1479 599 1553 spondeus
623 1483 699 1549 erat3
723 1481 753 1536 in
777 1480 912 1538 omnibus
936 1480 1030 1540 tribus
1058 1481 1192 1540 versibus
1220 1482 1384 1556 spondiacis
1413 1484 1481 1541 Pal—

309 1567 392 1625 ledae
416 1570 540 1643 quartus
564 1587 615 1642 pes
639 1567 773 1644 dactylus
796 1572 848 1628 est.
1462 1623 1464 1631 .

397 1655 443 1712 Ab
481 1656 611 1731 antiquis
649 1657 743 1732 poetis
776 1661 928 1732 praeterea
959 1661 1027 1716 ante
1061 1677 1195 1716 caesuras
1228 1659 1373 1717 masculas
1406 1679 1481 1735 quae

302 1744 459 1818 dicuntur,
495 1745 655 1802 hexametri
687 1750 717 1803 et
749 1747 925 1820 pentametri
948 1766 998 1804 eae
1030 1765 1116 1806 voces
1145 1748 1360 1824 monosyllabae
1393 1749 1481 1806 evita-

302 1833 423 1908 bantnr,
448 1833 556 1908 quibus
579 1853 665 1892 voces
688 1834 849 1910 dactylieae
865 1836 912 1893 vel
928 1835 1023 1894 exitus
1038 1836 1197 1894 verborum
1214 1836 1350 1912 dactylici
1366 1840 1480 1894 antece·

301 1922 392 1981 dunt.
437 1922 480 1979 Ex
504 1922 641 1980 Palladae
664 1922 798 1981 versibus
821 1924 851 1981 hi
875 1924 1068 1998 excipiuntur.

397 2010 584 2080 1X.176,1.
607 2003 747 2090 ἐκλήθην
769 2005 860 2090 παρὰ
884 2006 949 2069 σοῦ.

397 2098 448 2156 XI.
467 2099 540 2170 351,
559 2101 585 2159 3.
610 2091 653 2170 ὥς
676 2093 867 2177 δ’ἕλεγον-’σύ
891 2099 939 2170 τίς
961 2089 998 2172 εἶ,
1023 2101 1145 2159 Homeri
1168 2102 1264 2161 verba.

399 2189 450 2247 IX.
469 2188 542 2260 183,
560 2190 587 2246 5.
611 2188 695 2246 στένε
718 2185 772 2246 καὶ
795 2185 842 2258 σύ,
867 2190 966 2264 potius
990 2209 1109 2248 caesura
1132 2190 1281 2249 trochaica
1305 2195 1356 2249 est.

392 2277 434 2335 X.
460 2277 509 2350 56,
527 2277 555 2334 5.
579 2269 632 2334 διὰ
661 2269 717 2357 τὴν
744 2269 836 2355 ὥραν,
869 2297 926 2336 non
959 2278 1168 2353 semiquinaria
1206 2282 1262 2348 est,
1302 2299 1368 2337 cum
1407 2278 1484 2336 inter

576 2365 736 2424 articulum
760 2371 790 2424 et
812 2385 918 2424 nomen
941 2367 1101 2425 incidatur:
1464 2361 1466 2368 ’

358 2446 360 2452 ’
399 2449 434 2510 In
458 2454 649 2528 pentametris
672 2455 794 2513 vocibus
821 2454 1031 2530 monosyllabis
1059 2463 1127 2514 ante
1155 2475 1305 2515 caesuram
1334 2455 1484 2514 collocatis

304 2542 388 2601 -solae
411 2542 642 2617 praepositiones
665 2547 811 2613 anteeunt,
836 2562 895 2619 qua
918 2543 949 2602 re
973 2544 1043 2602 haec
1065 2545 1112 2602 lex
1131 2563 1188 2602 non
1205 2545 1340 2614 violatur,
1365 2545 1400 2603 cf.
1416 2543 1483 2600 Vll.

305 2633 385 2702 ³681,
402 2633 430 2690 4.
474 2632 509 2689 X.
532 2632 583 2704 34,
601 2633 628 2690 2.
664 2633 713 2706 65,
732 2633 759 2691 6.
794 2633 844 2707 84,
861 2636 890 2692 4.
932 2633 982 2690 ΧΙ.
1001 2634 1074 2704 263,
1091 2635 1119 2693 2.
1153 2633 1196 2692 bis
1228 2631 1337 2708 gradus
1371 2651 1484 2706 compa·

310 2720 396 2779 rativi
419 2720 468 2777 IX.
491 2722 563 2794 502,
586 2722 613 2777 4.
641 2722 677 2779 X.
695 2722 744 2795 48,
763 2723 791 2778 4.
823 2725 975 2797 praeterea
1007 2723 1096 2780 verba
1129 2721 1251 2781 Homeri
1275 2723 1308 2780 X.
1328 2723 1379 2792 55,
1394 2722 1422 2778 2.
1456 2724 1486 2778 et

399 2894 434 2954 In
468 2916 588 2956 caesura
625 2899 804 2973 pentametri
837 2899 941 2974 optimi
973 2903 1079 2973 poetae
1118 2917 1215 2974 neque
1253 2899 1352 2957 hiatus
1390 2917 1486 2972 neque

312 2985 440 3060 syllabas
464 2986 605 3061 ancipites
628 2987 836 3060 admittebant,
855 3007 954 3063 quam
977 2988 1073 3064 legem
1096 2986 1232 3046 Pallados
1260 2987 1485 3063 diligentissime

306 3073 499 3146 observabat,
522 3075 605 3133 cuius
629 3076 658 3132 in
686 3076 877 3150 pentametris
906 3077 979 3134 duos
1008 3079 1124 3134 tantum
1154 3076 1252 3134 hiatus
1279 3076 1389 3134 inveni:
1418 3073 1485 3133 VII.

313 3163 385 3232 687,
409 3164 437 3220 2.
461 3165 491 3220 et
522 3163 557 3219 X.
580 3164 631 3232 44,
648 3166 686 3237 2,
715 3181 774 3238 quo
801 3165 865 3222 loco
894 3169 1050 3222 excusatur
1078 3165 1249 3240 symmetria
1278 3163 1487 3234 collocationis,

313 3254 343 3309 et
373 3255 492 3327 praeter
523 3250 651 3328 syllabas
683 3252 841 3327 productas
873 3252 1017 3327 positione
1044 3271 1134 3310 unam
1163 3253 1304 3328 syllabam
1329 3251 1486 3326 ancipitem

311 3340 363 3399 Vl.
381 3341 430 3412 85,
449 3342 485 3412 2.,
509 3341 588 3416 quod
612 3340 740 3399 el'fieitur
762 3341 879 3399 nomine
902 3341 992 3418 longo
1016 3341 1125 3399 comice
1149 3341 1226 3400 licto.

403 3428 483 3498 Quae
508 3429 612 3503 omnia,
636 3429 660 3488 si
684 3429 789 3488 animis
812 3430 1049 3505 complectimur,
1077 3429 1276 3506 intellegimus
1304 3428 1487 3487 Palladem

312 3536 534 3592 nequaquam
567 3535 628 3576 suo
660 3519 815 3576 arbitrio
848 3536 972 3578 versus
1005 3519 1260 3593 composuisse,
1299 3518 1356 3576 sed
1390 3519 1487 3594 leges

307 3605 533 3680 observasse,
572 3625 659 3681 quas
698 3607 825 3682 optimi
857 3611 985 3682 poetae
1017 3607 1250 3683 antiquorum
1287 3612 1487 3681 temporum

313 3694 590 3752 constituerunt.
648 3695 791 3754 Videmus
823 3696 975 3754 Palladam
1013 3696 1121 3754 mirum
1153 3697 1184 3753 in
1216 3695 1338 3754 modum
1371 3713 1401 3754 se
1430 3711 1487 3752 non

309 3782 480 3842 submisisse
503 3783 668 3858 praeceptis
692 3786 722 3842 et
743 3784 907 3843 rationibus
930 3785 1107 3860 aequalium,
1132 3803 1162 3842 se
1183 3784 1321 3843 liberasse
1337 3783 1372 3840 ab
1389 3787 1487 3840 aueto-

313 3871 401 3952 ritate
438 3875 655 3931 antecessorum
693 3872 972 3941 Alexandrinorum,
1011 3872 1142 3932 versibus
1179 3873 1240 3932 suis
1279 3870 1488 3946 componendis

309 3961 426 4036 optima
453 3961 515 4019 sola
547 3962 678 4038 exempla
709 3963 851 4022 imitanda
879 3961 1074 4039 proposuisse.
1121 3960 1206 4031 Quod
1239 3961 1345 4036 partim
1375 3960 1428 4018 hac
1456 3978 1487 4016 re

310 4049 450 4108 effectum
474 4053 525 4121 est,
550 4051 630 4125 quod
654 4050 798 4124 Palladas,
822 4070 888 4110 oum
905 4054 986 4112 totns
1002 4051 1087 4109 nixus
1104 4054 1181 4110 esset
1195 4050 1226 4107 in
1242 4049 1364 4107 Homeri
1380 4063 1487 4124 genere

404 4273 425 4342 ¹)
452 4272 488 4325 In
516 4273 665 4326 nonnullis
693 4289 792 4328 eornm
819 4290 953 4328 versuum
984 4273 1105 4344 spondei
1133 4271 1249 4326 lenibus
1276 4271 1488 4326 mutationibus

311 4343 442 4397 amoveri
460 4349 594 4413 possunt,
622 4352 719 4398 tamen
737 4343 858 4398 dubium
877 4350 931 4414 eet,
956 4363 1024 4399 num
1044 4345 1075 4398 in
1094 4349 1139 4398 tot
1162 4343 1292 4397 versibus
1316 4341 1488 4398 discedenti-

313 4413 369 4467 bus
387 4414 610 4484 permutandum
629 4416 673 4469 sit.
