3372 5210
777 313 994 372 ..34-

299 493 415 568 putant.
462 491 520 550 Sed
548 495 618 550 sunt
640 492 698 548 alia
722 510 854 566 quoque,
888 509 964 569 quae
987 488 1201 550 dubitationem
1233 491 1369 563 iniciant,
1402 511 1477 568 qnae

300 580 390 640 etiam
423 581 462 657 ei,
495 579 547 657 qui
579 598 677 639 mense
707 580 787 655 Sept.
815 580 904 639 hrains
931 580 1000 638 anui
1027 579 1225 638 Themistium
1247 600 1356 641 munus
1379 581 1477 642 iniisse

300 668 459 742 coniciunt,
482 687 617 728 amovere
640 686 698 726 non
721 671 891 745 potuerunt
928 668 1107 728 Themistius
1131 669 1210 728 euim
1233 669 1264 726 in
1287 670 1477 743 orationibus,

301 777 375 835 quas
397 760 467 834 post
489 758 703 834 praefecturam
732 761 883 833 acceptam
909 757 1027 832 hahuit,
1055 777 1150 833 neque
1178 757 1344 817 Honorimn
1371 762 1473 818 natum

300 866 362 906 esse
381 880 426 890 —
443 839 531 906 natus
555 849 598 906 est
622 849 689 904 ante
713 846 790 904 diem
806 847 841 903 V.
857 846 897 904 id.
913 845 993 922 Sept.
1009 845 1096 906 huius
1112 847 1240 906 anni-
1261 851 1477 919 commemorat,

300 935 351 996 sed
383 937 419 994 de
450 954 510 994 uno
542 935 603 993 filio
637 934 793 994 Theodosii
824 935 915 994 verba
946 935 1028 1009 factt,
1060 954 1157 1011 neque
1189 937 1303 1012 legatos
1332 956 1349 994 a
1381 937 1478 996 Persis

299 1025 403 1084 missos
427 1043 489 1083 esse
512 1026 621 1094 narrat,
646 1024 698 1099 qui
723 1023 827 1082 eodem
849 1027 982 1101 tempore
1004 1023 1119 1099 Gpolim
1144 1024 1330 1084 advenerant.
1338 1020 1363 1098 1)
1397 1025 1477 1095 Quae

300 1114 370 1174 satis
393 1113 503 1172 habent
525 1112 699 1172 effensIonis.
744 1110 820 1171 Nam
843 1133 878 1170 ex
900 1112 1014 1171 silentio
1037 1113 1200 1187 Themistii,
1223 1117 1259 1171 ut
1282 1117 1328 1174 est
1343 1115 1479 1173 laudator

299 1203 525 1277 imperatorum,
553 1201 624 1260 licet
651 1202 781 1274 efficere,
808 1201 995 1279 quodvapud
1023 1202 1095 1261 alios
1123 1201 1281 1278 scriptores
1308 1221 1367 1261 non
1394 1203 1477 1273 licet3

300 1291 479 1350 Themistius
501 1309 641 1366 persaepe
663 1291 804 1363 habebat,
831 1290 911 1366 quod
940 1291 1097 1350 Persarum
1120 1290 1276 1367 legationis
1298 1291 1478 1350 mentionem

300 1381 418 1453 faceret,
441 1398 500 1455 qua
522 1379 620 1438 hostes
643 1379 815 1456 sempiterni
836 1396 938 1454 pacem
961 1379 1110 1455 petebant.
1143 1377 1242 1449 Quid?
1281 1381 1478 1440 Themistium

300 1487 396 1527 nonne
423 1469 507 1545 piget
539 1469 660 1527 laudare
693 1468 902 1543 Theodosium,
936 1468 1016 1544 quod
1048 1469 1147 1527 hostes
1179 1487 1236 1527 non
1269 1469 1299 1527 vi
1327 1489 1476 1528 armorum

301 1557 471 1628 subiecerit,
504 1556 555 1616 sed
587 1557 770 1616 humanitate
803 1560 833 1615 et
864 1557 1004 1615 comitate
1037 1557 1145 1616 amicos
1178 1561 1207 1615 et
1234 1558 1327 1616 soci0s
1358 1558 1478 1618 fecerit?

300 1647 348 1704 An
372 1665 470 1706 censes
493 1648 641 1704 oratorem
665 1646 828 1722 quidquam
851 1646 986 1705 consulto
1009 1645 1156 1722 omisisse,
1172 1665 1245 1722 *quo
1269 1647 1478 1722 imperatorem

299 1734 459 1794 maioribus
482 1735 621 1794 laudibus
648 1735 750 1793 efferre
778 1738 895 1810 posset?
941 1734 997 1792 Sed
1030 1735 1165 1794 videmus
1198 1754 1266 1794 eum
1299 1754 1415 1811 semper
1442 1736 1478 1793 de

300 1819 453 1898 Σκύθαις,
478 1824 531 1898 qni
553 1827 697 1882 vocantur
713 1823 811 1894 Gothi,
836 1824 905 1882 solis
929 1842 1004 1881 anno
1028 1825 1100 1883 382.
1124 1824 1237 1898 pacatis
1259 1825 1349 1883 verba
1372 1825 1478 1896 facere,

301 1913 333 1970 at
360 1911 435 1969 nihil
462 1911 499 1970 de
531 1911 628 1970 Persis
661 1912 697 1969 ab
730 1912 941 1987 antiquissimis
974 1912 1157 1988 temporibus
1188 1913 1313 1988 imperio
1346 1914 1478 1972 Romano

300 1999 564 2076 periculosissimis,
588 2001 623 2059 cf.
639 2000 739 2058 Them.
757 2019 798 2060 or.
813 2001 924 2059 XVIII.
942 1997 1032 2071 219¹),
1048 2001 1182 2060 XXXIV.
1199 2020 1261 2077 cap.
1279 2003 1330 2076 20,
1346 2021 1410 2078 cap.
1427 2003 1478 2072 24,

301 2109 363 2166 cap.
382 2092 432 2149 25.
478 2089 564 2149 Alius
586 2090 675 2148 huius
699 2090 805 2148 aetatis
829 2093 940 2160 orator,
969 2090 1094 2148 Pacatus
1123 2090 1301 2165 DrepaniuS,
1330 2091 1382 2166 qui
1412 2095 1480 2166 post

301 2179 459 2238 Persarum
496 2177 676 2256 legationem
708 2178 823 2255 Gpolim
858 2179 976 2238 missam
1009 2179 1220 2255 panegyricum
1253 2179 1391 2251 habebat,
1424 2180 1480 2238 hoc

301 2267 489 2326 commodum
520 2286 579 2326 non
611 2268 821 2342 praetermisit,
855 2287 1035 2343 quamquam
1065 2267 1195 2343 quinque
1223 2267 1281 2324 iam
1306 2269 1374 2326 anni
1398 2287 1479 2343 prae-

301 2349 482 2434 terierant.2)
528 2357 672 2414 Miramur
694 2375 826 2432 quoque,
855 2357 935 2432 quod
958 2356 1138 2416 Themistius
1160 2356 1196 2414 de
1218 2375 1279 2414 uno
1302 2357 1364 2415 filio
1386 2357 1477 2415 Theo·

302 2443 377 2502 dosii
400 2444 534 2518 loantnr
557 2444 592 2503 cf.
617 2464 658 2503 or.
682 2444 793 2504 XVIII.
819 2441 935 2502 22413ο
957 2463 1052 2520 nsque
1076 2445 1112 2502 ad
1135 2445 1231 2516 finem,
1248 2445 1326 2504 XIX.
1342 2466 1371 2521 p.
1389 2447 1478 2504 231³.

391 2532 474 2591 (lum
497 2533 786 2592 intellexerimus
809 2552 870 2592 nos
898 2534 998 2591 nulla
1021 2552 1057 2591 re
1080 2533 1260 2609 impediri,
1290 2535 1480 2610 quominus

305 2621 539 2681 Themistium
579 2626 682 2680 antea
713 2623 937 2698 praetectum
974 2622 1087 2681 fuisse
1125 2622 1355 2698 coniciamus,
1389 2642 1480 2682 nnnc

300 2711 354 2768 his
374 2711 481 2771 rebus
497 2711 653 2787 cognitis
669 2711 829 2788 cogimur
845 2711 1281 2770 concedereThemistium
1297 2712 1364 2770 iam
1376 2715 1480 2771 antea

301 2799 573 2875 praefecturam
596 2801 730 2860 iniisse.
769 2801 931 2874 Terminus,
952 2803 1018 2858 ante
1043 2819 1132 2875 quem
1154 2801 1210 2858 hoc
1233 2801 1418 2876 factumest,
1442 2801 1480 2858 ad

303 2905 434 2946 mensem
458 2889 538 2962 Sept.
562 2889 713 2947 ineuntem
738 2889 805 2947 anni
830 2890 902 2948 384.
926 2889 1036 2948 dilatus
1060 2891 1114 2948 est.

390 2976 574 3052 Termiuum,
598 2980 665 3053 post
688 2997 777 3053 quem
805 2977 984 3036 Themistius
1007 2977 1174 3053 praefectus
1198 2973 1293 3037 factus
1317 2982 1374 3049 est,
1403 2997 1481 3037 nuuc

304 3064 479 3123 certioribus
511 3065 619 3124 finibus
656 3065 896 3126 circumscribere
929 3085 1076 3125 conemur.
1130 3067 1275 3128 Maximus
1312 3087 1381 3127 vere
1413 3066 1482 3124 anni

304 3154 376 3211 383.
401 3173 418 3211 a
441 3153 532 3229 copiis
559 3154 620 3213 suis
647 3155 678 3212 in
706 3154 851 3213 Brittania
882 3155 1044 3230 imperator
1067 3157 1182 3214 creatus
1216 3175 1282 3214 cnm
1315 3156 1480 3232 legionibus

302 3242 471 3302 Brittanicis
504 3243 582 3302 freto
615 3243 779 3302 Brittanico
816 3244 954 3315 traiecto,
995 3245 1153 3319 postquam
1194 3244 1326 3321 legiones
1368 3243 1480 3303 Galliae

303 3331 539 3408 septentrionalis
555 3331 613 3390 sibi
633 3332 808 3402 conciliavit,
832 3351 925 3408 prope
944 3332 1094 3390 Lutetiam
1110 3331 1251 3391 Gratiano
1276 3333 1393 3393 obviam
1415 3335 1480 3394 ivit.

303 3421 440 3480 Manibus
462 3421 594 3479 nondum
618 3422 758 3480 consertis
782 3420 941 3480 Gratianus
964 3440 981 3478 a
1005 3421 1065 3480 suis
1088 3421 1209 3480 relictus
1224 3422 1302 3500 fugit
1317 3426 1348 3481 et
1363 3423 1393 3480 in
1408 3423 1480 3498 fugo

303 3508 443 3585 Lugduni
471 3529 496 3566 a.
525 3509 553 3567 d.
576 3509 661 3568 VIII.
683 3510 749 3569 Kal.
774 3510 853 3587 Sept.
882 3513 1002 3569 necatus
1031 3513 1083 3569 est.
1130 3511 1275 3570 Maximus
1297 3514 1362 3570 tota
1385 3510 1481 3570 Gallia

303 3597 435 3656 subiecta
456 3597 571 3673 legatos
594 3598 631 3655 ad
654 3599 850 3658 Theodosium
874 3594 961 3670 misit,
986 3599 1039 3674 qui
1061 3602 1114 3656 aut
1136 3600 1321 3674 postularent
1344 3621 1361 3658 a
1386 3601 1480 3658 Theo·
1600 3629 1603 3632 ·

303 3684 399 3758 dosio,
427 3689 462 3743 ut
484 3686 644 3744 Maximum
671 3687 880 3761 imperatorem
904 3691 1076 3764 agnosceret
1099 3690 1163 3762 aut,
1192 3689 1216 3747 si
1243 3689 1294 3746 ille
1323 3689 1481 3763 quominus

303 3772 334 3832 id
372 3774 492 3849 faceret,
531 3779 690 3848 recusaret,
723 3775 833 3834 bellum
865 3770 1069 3852 indicerent.³)
1115 3777 1296 3835 Theodosius
1323 3775 1482 3851 prudentia

304 3865 478 3937 commotus
510 3864 591 3939 quod
623 3864 754 3922 nondum
786 3865 856 3924 satis
889 3864 1020 3923 validum
1053 3865 1216 3924 exercitum
1248 3864 1386 3935 habebat,
1420 3882 1479 3939 quo

392 4054 412 4156 i)
430 4053 1024 4178 1T2ffl³m⁰nt11jLi'empffsffihffld'fflt‘
1031 4053 1098 4108 XV.
1110 4059 1139 4107 63
1150 4057 1205 4177 erp5
1207 4051 1290 4106 XXI.
1298 4059 1358 4108 not.
1364 4051 1479 4178 XVI2I}

393 4194 403 4225 ⁸
432 4129 686 4250 beeteysrubeartitlrla
699 4141 906 4250 ttactatiberurrtt1
908 4126 1221 4252 STilleniontpttclsttl'cnrr
1222 4124 1320 4250 etrbnnt
1332 4141 1442 4251 Tibbd.
1454 4165 1479 4248 I:

302 4270 355 4320 art.
370 4263 453 4322 XIV.
467 4271 497 4319 et
508 4266 653 4322 Henricus
666 4267 792 4336 Richter,
812 4268 873 4321 Das
885 4267 1098 4322 westrbmischc
1110 4215 1381 4338 Reich,besonders
1393 4273 1480 4320 unter

302 4336 511 4478 geffissfapplppn
531 4337 665 4408 Gratiam,
684 4338 874 4392 Valentinian
893 4339 931 4392 Π.
960 4338 1020 4465 und
1047 4338 1194 4392 Maximus
1223 4357 1251 4409 p.
1271 4337 1421 4394 375-388.
1450 4343 1479 4391 et
