<?xml version="1.0" encoding="UTF-8"?>
<!DOCTYPE html PUBLIC "-//W3C//DTD XHTML 1.0 Transitional//EN"
    "http://www.w3.org/TR/xhtml1/DTD/xhtml1-transitional.dtd">
<html xmlns="http://www.w3.org/1999/xhtml" xml:lang="en" lang="en">
 <head>
  <title>
</title>
<meta http-equiv="Content-Type" content="text/html;charset=utf-8" />
  <meta name='ocr-system' content='tesseract 3.04.00' />
  <meta name='ocr-capabilities' content='ocr_page ocr_carea ocr_par ocr_line ocrx_word'/>
</head>
<body>
  <div class='ocr_page' id='page_1' title='image "./depalladaepigra00frangoog_0033.png"; bbox 0 0 3372 5210; ppageno 0'>
   <div class='ocr_carea' id='block_1_1' title="bbox 785 308 1002 364">
    <p class='ocr_par' dir='ltr' id='par_1_1' title="bbox 785 308 1002 364">
     <span class='ocr_line' id='line_1_1' title="bbox 785 308 1002 364; baseline -0.005 -16"><span class='ocrx_word' id='word_1_1' title='bbox 785 308 1002 364; x_wconf 81' lang='lat'><strong>...28...</strong></span> 
     </span>
    </p>
   </div>
   <div class='ocr_carea' id='block_1_2' title="bbox 302 475 1486 2693">
    <p class='ocr_par' dir='ltr' id='par_1_2' title="bbox 306 475 1484 812">
     <span class='ocr_line' id='line_1_2' title="bbox 306 475 1483 563; baseline -0.003 -17"><span class='ocrx_word' id='word_1_2' title='bbox 306 489 383 563; x_wconf 86' lang='lat' dir='ltr'><strong>erat,</strong></span> <span class='ocrx_word' id='word_1_3' title='bbox 412 486 582 562; x_wconf 87' lang='lat' dir='ltr'><strong>repelleret,</strong></span> <span class='ocrx_word' id='word_1_4' title='bbox 610 490 640 544; x_wconf 91' lang='lat' dir='ltr'><strong>et</strong></span> <span class='ocrx_word' id='word_1_5' title='bbox 663 488 718 546; x_wconf 92' lang='lat' dir='ltr'><strong>hoc</strong></span> <span class='ocrx_word' id='word_1_6' title='bbox 743 505 787 560; x_wconf 88' lang='lat' dir='ltr'><strong>ep.</strong></span> <span class='ocrx_word' id='word_1_7' title='bbox 811 484 885 542; x_wconf 88' lang='lat' dir='ltr'>nihil</span> <span class='ocrx_word' id='word_1_8' title='bbox 908 485 1070 560; x_wconf 87' lang='lat' dir='ltr'><strong>improbari</strong></span> <span class='ocrx_word' id='word_1_9' title='bbox 1101 485 1158 543; x_wconf 90' lang='lat' dir='ltr'><strong>nisi</strong></span> <span class='ocrx_word' id='word_1_10' title='bbox 1188 475 1404 560; x_wconf 87' lang='lat' dir='ltr'><strong>praefecturam</strong></span> <span class='ocrx_word' id='word_1_11' title='bbox 1429 485 1483 544; x_wconf 90' lang='lat' dir='ltr'><strong>sub</strong></span> 
     </span>
     <span class='ocr_line' id='line_1_3' title="bbox 306 573 1484 652; baseline -0.001 -19"><span class='ocrx_word' id='word_1_12' title='bbox 306 575 471 633; x_wconf 84' lang='lat' dir='ltr'><strong>Theodosio</strong></span> <span class='ocrx_word' id='word_1_13' title='bbox 486 574 733 646; x_wconf 88' lang='lat' dir='ltr'><strong>administratam,</strong></span> <span class='ocrx_word' id='word_1_14' title='bbox 757 573 837 631; x_wconf 87' lang='lat' dir='ltr'><strong>haud</strong></span> <span class='ocrx_word' id='word_1_15' title='bbox 860 573 949 632; x_wconf 92' lang='lat' dir='ltr'><strong>dubie</strong></span> <span class='ocrx_word' id='word_1_16' title='bbox 966 592 1198 644; x_wconf 83' lang='lat' dir='ltr'><strong>commovemur,</strong></span> <span class='ocrx_word' id='word_1_17' title='bbox 1224 579 1257 632; x_wconf 90' lang='lat' dir='ltr'><strong>ut</strong></span> <span class='ocrx_word' id='word_1_18' title='bbox 1278 574 1384 649; x_wconf 89' lang='lat' dir='ltr'><strong>omnia,</strong></span> <span class='ocrx_word' id='word_1_19' title='bbox 1408 593 1484 652; x_wconf 86' lang='lat' dir='ltr'><strong>quae</strong></span> 
     </span>
     <span class='ocr_line' id='line_1_4' title="bbox 308 662 1483 739; baseline 0 -18"><span class='ocrx_word' id='word_1_20' title='bbox 308 663 454 722; x_wconf 89' lang='lat' dir='ltr'><strong>lemmatis</strong></span> <span class='ocrx_word' id='word_1_21' title='bbox 478 664 651 735; x_wconf 88' lang='lat' dir='ltr'><strong>traduntur,</strong></span> <span class='ocrx_word' id='word_1_22' title='bbox 682 665 758 723; x_wconf 85' lang='lat' dir='ltr'><strong>falsa</strong></span> <span class='ocrx_word' id='word_1_23' title='bbox 785 681 847 721; x_wconf 86' lang='lat' dir='ltr'><strong>esse</strong></span> <span class='ocrx_word' id='word_1_24' title='bbox 875 662 1093 722; x_wconf 76' lang='lat' dir='ltr'><strong>contendamus.</strong></span> <span class='ocrx_word' id='word_1_25' title='bbox 1139 662 1249 720; x_wconf 81' lang='lat' dir='ltr'><strong>Tamen</strong></span> <span class='ocrx_word' id='word_1_26' title='bbox 1278 662 1336 721; x_wconf 92' lang='lat' dir='ltr'><strong>alio</strong></span> <span class='ocrx_word' id='word_1_27' title='bbox 1365 681 1483 739; x_wconf 87' lang='lat' dir='ltr'><strong>quoque</strong></span> 
     </span>
     <span class='ocr_line' id='line_1_5' title="bbox 307 752 1003 812; baseline -0.001 -2"><span class='ocrx_word' id='word_1_28' title='bbox 307 752 394 811; x_wconf 92' lang='lat' dir='ltr'><strong>modo</strong></span> <span class='ocrx_word' id='word_1_29' title='bbox 418 753 619 812; x_wconf 87' lang='lat' dir='ltr'><strong>demonstrare</strong></span> <span class='ocrx_word' id='word_1_30' title='bbox 642 753 713 812; x_wconf 91' lang='lat' dir='ltr'><strong>licet</strong></span> <span class='ocrx_word' id='word_1_31' title='bbox 735 754 874 810; x_wconf 88' lang='lat' dir='ltr'><strong>lemmata</strong></span> <span class='ocrx_word' id='word_1_32' title='bbox 897 770 1003 809; x_wconf 83' lang='lat' dir='ltr'><strong>errare.</strong></span> 
     </span>
    </p>

    <p class='ocr_par' dir='ltr' id='par_1_3' title="bbox 305 840 1484 1005">
     <span class='ocr_line' id='line_1_6' title="bbox 396 840 1484 918; baseline -0.001 -19"><span class='ocrx_word' id='word_1_33' title='bbox 396 841 481 911; x_wconf 84' lang='lat' dir='ltr'><strong>Quod</strong></span> <span class='ocrx_word' id='word_1_34' title='bbox 519 845 574 900; x_wconf 87' lang='lat' dir='ltr'><strong>ut·</strong></span> <span class='ocrx_word' id='word_1_35' title='bbox 597 860 827 918; x_wconf 82' lang='lat' dir='ltr'><strong>consequamur,</strong></span> <span class='ocrx_word' id='word_1_36' title='bbox 873 841 1026 916; x_wconf 89' lang='lat' dir='ltr'><strong>primum</strong></span> <span class='ocrx_word' id='word_1_37' title='bbox 1059 841 1304 916; x_wconf 81' lang='lat' dir='ltr'><strong>exquiramus,</strong></span> <span class='ocrx_word' id='word_1_38' title='bbox 1344 840 1484 914; x_wconf 87' lang='lat' dir='ltr'><strong>quando</strong></span> 
     </span>
     <span class='ocr_line' id='line_1_7' title="bbox 305 929 1170 1005; baseline -0.002 -17"><span class='ocrx_word' id='word_1_39' title='bbox 305 931 528 989; x_wconf 80' lang='lat' dir='ltr'><strong>Themistius</strong></span> <span class='ocrx_word' id='word_1_40' title='bbox 550 931 759 1005; x_wconf 86' lang='lat' dir='ltr'><strong>praefectus</strong></span> <span class='ocrx_word' id='word_1_41' title='bbox 782 929 881 988; x_wconf 90' lang='lat' dir='ltr'><strong>urbis</strong></span> <span class='ocrx_word' id='word_1_42' title='bbox 905 929 1027 1005; x_wconf 81' lang='lat' dir='ltr'><strong>Opolis</strong></span> <span class='ocrx_word' id='word_1_43' title='bbox 1050 929 1170 988; x_wconf 80' lang='lat' dir='ltr'><strong>fuerit.</strong></span> 
     </span>
    </p>

    <p class='ocr_par' dir='ltr' id='par_1_4' title="bbox 305 1017 1486 1450">
     <span class='ocr_line' id='line_1_8' title="bbox 395 1017 1486 1096; baseline 0 -20"><span class='ocrx_word' id='word_1_44' title='bbox 395 1017 507 1078; x_wconf 87' lang='lat' dir='ltr'><strong>Notant</strong></span> <span class='ocrx_word' id='word_1_45' title='bbox 537 1019 650 1078; x_wconf 93' lang='lat' dir='ltr'><strong>codices</strong></span> <span class='ocrx_word' id='word_1_46' title='bbox 677 1019 783 1096; x_wconf 89' lang='lat' dir='ltr'><strong>prioris</strong></span> <span class='ocrx_word' id='word_1_47' title='bbox 811 1018 938 1094; x_wconf 83' lang='lat' dir='ltr'><strong>generis:</strong></span> <span class='ocrx_word' id='word_1_48' title='bbox 968 1018 1195 1093; x_wconf 76' lang='lat' dir='ltr'><strong>imperatoribus</strong></span> <span class='ocrx_word' id='word_1_49' title='bbox 1219 1017 1427 1076; x_wconf 86' lang='lat' dir='ltr'><strong>Valentiniano</strong></span> <span class='ocrx_word' id='word_1_50' title='bbox 1456 1021 1486 1076; x_wconf 92' lang='lat' dir='ltr'><strong>et</strong></span> 
     </span>
     <span class='ocr_line' id='line_1_9' title="bbox 306 1103 1484 1183; baseline 0 -18"><span class='ocrx_word' id='word_1_51' title='bbox 306 1108 437 1182; x_wconf 77' lang='lat' dir='ltr'><strong>Valente,</strong></span> <span class='ocrx_word' id='word_1_52' title='bbox 462 1108 542 1183; x_wconf 91' lang='lat' dir='ltr'><strong>quod</strong></span> <span class='ocrx_word' id='word_1_53' title='bbox 564 1108 639 1166; x_wconf 89' lang='lat' dir='ltr'><strong>nihil</strong></span> <span class='ocrx_word' id='word_1_54' title='bbox 662 1109 719 1167; x_wconf 90' lang='lat' dir='ltr'><strong>nisi</strong></span> <span class='ocrx_word' id='word_1_55' title='bbox 742 1111 871 1168; x_wconf 86' lang='lat' dir='ltr'><strong>aetatem</strong></span> <span class='ocrx_word' id='word_1_56' title='bbox 904 1106 1061 1183; x_wconf 85' lang='lat' dir='ltr'><strong>significat,</strong></span> <span class='ocrx_word' id='word_1_57' title='bbox 1094 1107 1235 1182; x_wconf 88' lang='lat' dir='ltr'><strong>quoniam</strong></span> <span class='ocrx_word' id='word_1_58' title='bbox 1259 1103 1371 1166; x_wconf 88' lang='lat' dir='ltr'><strong>Valens</strong></span> <span class='ocrx_word' id='word_1_59' title='bbox 1404 1107 1484 1165; x_wconf 91' lang='lat' dir='ltr'><strong>solus</strong></span> 
     </span>
     <span class='ocr_line' id='line_1_10' title="bbox 305 1195 1485 1272; baseline -0.002 -16"><span class='ocrx_word' id='word_1_60' title='bbox 305 1196 502 1256; x_wconf 80' lang='lat' dir='ltr'><strong>Themistium</strong></span> <span class='ocrx_word' id='word_1_61' title='bbox 526 1199 706 1272; x_wconf 83' lang='lat' dir='ltr'><strong>praefectum</strong></span> <span class='ocrx_word' id='word_1_62' title='bbox 731 1219 760 1257; x_wconf 91' lang='lat' dir='ltr'><strong>u.</strong></span> <span class='ocrx_word' id='word_1_63' title='bbox 785 1196 885 1272; x_wconf 81' lang='lat' dir='ltr'><strong>Opolis</strong></span> <span class='ocrx_word' id='word_1_64' title='bbox 908 1197 1003 1254; x_wconf 85' lang='lat' dir='ltr'><strong>facere</strong></span> <span class='ocrx_word' id='word_1_65' title='bbox 1026 1196 1139 1271; x_wconf 89' lang='lat' dir='ltr'><strong>potuit,</strong></span> <span class='ocrx_word' id='word_1_66' title='bbox 1168 1215 1235 1254; x_wconf 92' lang='lat' dir='ltr'><strong>cum</strong></span> <span class='ocrx_word' id='word_1_67' title='bbox 1260 1195 1485 1254; x_wconf 79' lang='lat' dir='ltr'><strong>Valentinianus</strong></span> 
     </span>
     <span class='ocr_line' id='line_1_11' title="bbox 306 1283 1484 1361; baseline -0.002 -17"><span class='ocrx_word' id='word_1_68' title='bbox 306 1289 383 1344; x_wconf 86' lang='lat' dir='ltr'><strong>esset</strong></span> <span class='ocrx_word' id='word_1_69' title='bbox 415 1285 575 1361; x_wconf 86' lang='lat' dir='ltr'><strong>imperator</strong></span> <span class='ocrx_word' id='word_1_70' title='bbox 608 1286 783 1346; x_wconf 86' lang='lat' dir='ltr'><strong>Occidentis.</strong></span> <span class='ocrx_word' id='word_1_71' title='bbox 839 1283 958 1344; x_wconf 78' lang='lat' dir='ltr'><strong>Codices</strong></span> <span class='ocrx_word' id='word_1_72' title='bbox 992 1283 1112 1343; x_wconf 89' lang='lat' dir='ltr'><strong>alterius</strong></span> <span class='ocrx_word' id='word_1_73' title='bbox 1144 1285 1273 1360; x_wconf 87' lang='lat' dir='ltr'><strong>generis:</strong></span> <span class='ocrx_word' id='word_1_74' title='bbox 1306 1285 1484 1360; x_wconf 88' lang='lat' dir='ltr'><strong>imperatore</strong></span> 
     </span>
     <span class='ocr_line' id='line_1_12' title="bbox 305 1373 1004 1450; baseline 0 -18"><span class='ocrx_word' id='word_1_75' title='bbox 305 1374 436 1448; x_wconf 77' lang='lat' dir='ltr'><strong>Iuliano,</strong></span> <span class='ocrx_word' id='word_1_76' title='bbox 460 1375 568 1450; x_wconf 88' lang='lat' dir='ltr'><strong>quibus</strong></span> <span class='ocrx_word' id='word_1_77' title='bbox 592 1375 697 1434; x_wconf 85' lang='lat' dir='ltr'><strong>Suidas</strong></span> <span class='ocrx_word' id='word_1_78' title='bbox 721 1373 855 1435; x_wconf 83' lang='lat' dir='ltr'><strong>assentiri</strong></span> <span class='ocrx_word' id='word_1_79' title='bbox 878 1375 1004 1432; x_wconf 88' lang='lat' dir='ltr'><strong>videtur.</strong></span> 
     </span>
    </p>

    <p class='ocr_par' dir='ltr' id='par_1_5' title="bbox 394 1461 1484 1536">
     <span class='ocr_line' id='line_1_13' title="bbox 394 1461 1484 1536; baseline -0.001 -16"><span class='ocrx_word' id='word_1_80' title='bbox 394 1463 438 1520; x_wconf 82' lang='lat' dir='ltr'><strong>Ex</strong></span> <span class='ocrx_word' id='word_1_81' title='bbox 464 1463 618 1522; x_wconf 84' lang='lat' dir='ltr'><strong>Themistii</strong></span> <span class='ocrx_word' id='word_1_82' title='bbox 646 1464 827 1523; x_wconf 89' lang='lat' dir='ltr'><strong>orationibus</strong></span> <span class='ocrx_word' id='word_1_83' title='bbox 850 1462 961 1533; x_wconf 83' lang='lat' dir='ltr'><strong>XVII,</strong></span> <span class='ocrx_word' id='word_1_84' title='bbox 983 1461 1110 1534; x_wconf 82' lang='lat' dir='ltr'><strong>XVIII,</strong></span> <span class='ocrx_word' id='word_1_85' title='bbox 1132 1462 1280 1536; x_wconf 74' lang='lat' dir='ltr'><strong>XXXIV,</strong></span> <span class='ocrx_word' id='word_1_86' title='bbox 1304 1462 1409 1520; x_wconf 89' lang='lat' dir='ltr'>XXXI.</span> <span class='ocrx_word' id='word_1_87' title='bbox 1439 1480 1484 1521; x_wconf 89' lang='lat' dir='ltr'><strong>oo·</strong></span> 
     </span>
    </p>

    <p class='ocr_par' dir='ltr' id='par_1_6' title="bbox 302 1549 1485 2693">
     <span class='ocr_line' id='line_1_14' title="bbox 304 1549 1485 1629; baseline -0.003 -18"><span class='ocrx_word' id='word_1_88' title='bbox 304 1551 473 1629; x_wconf 86' lang='lat' dir='ltr'><strong>gnoscimus</strong></span> <span class='ocrx_word' id='word_1_89' title='bbox 500 1553 697 1612; x_wconf 86' lang='lat' dir='ltr'><strong>Themistium</strong></span> <span class='ocrx_word' id='word_1_90' title='bbox 724 1554 903 1629; x_wconf 88' lang='lat' dir='ltr'><strong>imperatore</strong></span> <span class='ocrx_word' id='word_1_91' title='bbox 930 1549 1093 1609; x_wconf 81' lang='lat' dir='ltr'><strong>Theodosio</strong></span> <span class='ocrx_word' id='word_1_92' title='bbox 1126 1551 1158 1610; x_wconf 94' lang='lat' dir='ltr'><strong>P.</strong></span> <span class='ocrx_word' id='word_1_93' title='bbox 1183 1551 1218 1610; x_wconf 91' lang='lat' dir='ltr'><strong>V.</strong></span> <span class='ocrx_word' id='word_1_94' title='bbox 1252 1551 1351 1610; x_wconf 84' lang='lat' dir='ltr'><strong>fuisse.</strong></span> <span class='ocrx_word' id='word_1_95' title='bbox 1400 1550 1485 1620; x_wconf 83' lang='lat' dir='ltr'><strong>Quod</strong></span> 
     </span>
     <span class='ocr_line' id='line_1_15' title="bbox 305 1639 1484 1718; baseline 0 -20"><span class='ocrx_word' id='word_1_96' title='bbox 305 1641 478 1699; x_wconf 90' lang='lat' dir='ltr'><strong>Harduinus</strong></span> <span class='ocrx_word' id='word_1_97' title='bbox 502 1647 532 1700; x_wconf 85' lang='lat' dir='ltr'><strong>et</strong></span> <span class='ocrx_word' id='word_1_98' title='bbox 555 1660 655 1700; x_wconf 87' lang='lat' dir='ltr'><strong>omnes</strong></span> <span class='ocrx_word' id='word_1_99' title='bbox 680 1645 748 1718; x_wconf 91' lang='lat' dir='ltr'><strong>post</strong></span> <span class='ocrx_word' id='word_1_100' title='bbox 771 1661 840 1701; x_wconf 89' lang='lat' dir='ltr'><strong>eum</strong></span> <span class='ocrx_word' id='word_1_101' title='bbox 863 1641 920 1700; x_wconf 90' lang='lat' dir='ltr'><strong>viri</strong></span> <span class='ocrx_word' id='word_1_102' title='bbox 944 1640 1030 1714; x_wconf 82' lang='lat' dir='ltr'><strong>doctI,</strong></span> <span class='ocrx_word' id='word_1_103' title='bbox 1055 1639 1107 1715; x_wconf 90' lang='lat' dir='ltr'><strong>qui</strong></span> <span class='ocrx_word' id='word_1_104' title='bbox 1139 1640 1194 1698; x_wconf 85' lang='lat' dir='ltr'><strong>hac</strong></span> <span class='ocrx_word' id='word_1_105' title='bbox 1227 1640 1263 1698; x_wconf 89' lang='lat' dir='ltr'><strong>de</strong></span> <span class='ocrx_word' id='word_1_106' title='bbox 1289 1643 1484 1716; x_wconf 75' lang='lat' dir='ltr'><strong>megenum,</strong></span> 
     </span>
     <span class='ocr_line' id='line_1_16' title="bbox 305 1728 1485 1805; baseline -0.003 -16"><span class='ocrx_word' id='word_1_107' title='bbox 305 1729 669 1805; x_wconf 84' lang='lat' dir='ltr'><strong>complexi-Themistium</strong></span> <span class='ocrx_word' id='word_1_108' title='bbox 693 1731 729 1788; x_wconf 88' lang='lat' dir='ltr'><strong>ab</strong></span> <span class='ocrx_word' id='word_1_109' title='bbox 754 1731 799 1790; x_wconf 91' lang='lat' dir='ltr'><strong>his</strong></span> <span class='ocrx_word' id='word_1_110' title='bbox 822 1730 918 1790; x_wconf 90' lang='lat' dir='ltr'><strong>tribus</strong></span> <span class='ocrx_word' id='word_1_111' title='bbox 940 1728 1169 1804; x_wconf 87' lang='lat' dir='ltr'><strong>imperatoribus</strong></span> <span class='ocrx_word' id='word_1_112' title='bbox 1184 1729 1217 1788; x_wconf 91' lang='lat' dir='ltr'><strong>P.</strong></span> <span class='ocrx_word' id='word_1_113' title='bbox 1235 1729 1269 1788; x_wconf 90' lang='lat' dir='ltr'><strong>V.</strong></span> <span class='ocrx_word' id='word_1_114' title='bbox 1294 1729 1408 1788; x_wconf 85' lang='lat' dir='ltr'><strong>factum</strong></span> <span class='ocrx_word' id='word_1_115' title='bbox 1424 1747 1485 1788; x_wconf 88' lang='lat' dir='ltr'><strong>esse</strong></span> 
     </span>
     <span class='ocr_line' id='line_1_17' title="bbox 305 1818 1485 1894; baseline 0 -18"><span class='ocrx_word' id='word_1_116' title='bbox 305 1819 486 1878; x_wconf 84' lang='lat' dir='ltr'><strong>existimant:</strong></span> <span class='ocrx_word' id='word_1_117' title='bbox 511 1821 547 1878; x_wconf 89' lang='lat' dir='ltr'><strong>ab</strong></span> <span class='ocrx_word' id='word_1_118' title='bbox 570 1819 690 1878; x_wconf 84' lang='lat' dir='ltr'><strong>Juliano</strong></span> <span class='ocrx_word' id='word_1_119' title='bbox 714 1840 740 1878; x_wconf 89' lang='lat' dir='ltr'><strong>a.</strong></span> <span class='ocrx_word' id='word_1_120' title='bbox 758 1821 831 1894; x_wconf 87' lang='grc'><strong>362,</strong></span> <span class='ocrx_word' id='word_1_121' title='bbox 855 1839 879 1877; x_wconf 92' lang='lat' dir='ltr'><strong>a.</strong></span> <span class='ocrx_word' id='word_1_122' title='bbox 896 1819 1020 1876; x_wconf 86' lang='lat' dir='ltr'><strong>Valente</strong></span> <span class='ocrx_word' id='word_1_123' title='bbox 1036 1838 1054 1876; x_wconf 89' lang='lat' dir='ltr'><strong>a</strong></span> <span class='ocrx_word' id='word_1_124' title='bbox 1071 1819 1143 1888; x_wconf 83' lang='lat'><strong>368,</strong></span> <span class='ocrx_word' id='word_1_125' title='bbox 1161 1837 1178 1874; x_wconf 87' lang='lat' dir='ltr'><strong>a</strong></span> <span class='ocrx_word' id='word_1_126' title='bbox 1193 1818 1356 1877; x_wconf 85' lang='lat' dir='ltr'><strong>Theodosio</strong></span> <span class='ocrx_word' id='word_1_127' title='bbox 1373 1838 1399 1876; x_wconf 88' lang='lat' dir='ltr'><strong>a.</strong></span> <span class='ocrx_word' id='word_1_128' title='bbox 1412 1819 1485 1892; x_wconf 83' lang='lat'><strong>384,</strong></span> 
     </span>
     <span class='ocr_line' id='line_1_18' title="bbox 305 1903 1485 1983; baseline 0.002 -19"><span class='ocrx_word' id='word_1_129' title='bbox 305 1907 362 1966; x_wconf 90' lang='lat' dir='ltr'><strong>nisi</strong></span> <span class='ocrx_word' id='word_1_130' title='bbox 385 1907 526 1983; x_wconf 89' lang='lat' dir='ltr'><strong>quopiam</strong></span> <span class='ocrx_word' id='word_1_131' title='bbox 549 1907 659 1966; x_wconf 90' lang='lat' dir='ltr'><strong>honore</strong></span> <span class='ocrx_word' id='word_1_132' title='bbox 684 1908 879 1967; x_wconf 87' lang='lat' dir='ltr'><strong>Themistium</strong></span> <span class='ocrx_word' id='word_1_133' title='bbox 903 1908 939 1965; x_wconf 89' lang='lat' dir='ltr'><strong>ab</strong></span> <span class='ocrx_word' id='word_1_134' title='bbox 963 1907 1008 1964; x_wconf 93' lang='lat' dir='ltr'><strong>his</strong></span> <span class='ocrx_word' id='word_1_135' title='bbox 1024 1903 1253 1982; x_wconf 86' lang='lat' dir='ltr'><strong>imperatoribus</strong></span> <span class='ocrx_word' id='word_1_136' title='bbox 1268 1907 1407 1966; x_wconf 87' lang='lat' dir='ltr'><strong>affectum</strong></span> <span class='ocrx_word' id='word_1_137' title='bbox 1424 1925 1485 1966; x_wconf 86' lang='lat' dir='ltr'><strong>esse</strong></span> 
     </span>
     <span class='ocr_line' id='line_1_19' title="bbox 305 1990 494 2072; baseline -0.005 -17"><span class='ocrx_word' id='word_1_138' title='bbox 305 1990 494 2072; x_wconf 75' lang='lat' dir='ltr'><strong>coniciunt.²)</strong></span> 
     </span>
     <span class='ocr_line' id='line_1_20' title="bbox 314 2085 1483 2162; baseline 0 -20"><span class='ocrx_word' id='word_1_139' title='bbox 314 2156 318 2161; x_wconf 28' lang='grc'><strong>,</strong></span> <span class='ocrx_word' id='word_1_140' title='bbox 394 2085 574 2144; x_wconf 81' lang='lat' dir='ltr'><strong>Wernsdorf</strong></span> <span class='ocrx_word' id='word_1_141' title='bbox 594 2105 625 2145; x_wconf 91' lang='lat' dir='ltr'><strong>se</strong></span> <span class='ocrx_word' id='word_1_142' title='bbox 649 2104 756 2144; x_wconf 85' lang='lat' dir='ltr'><strong>novum</strong></span> <span class='ocrx_word' id='word_1_143' title='bbox 782 2089 999 2162; x_wconf 79' lang='lat' dir='ltr'><strong>argumentum,</strong></span> <span class='ocrx_word' id='word_1_144' title='bbox 1024 2102 1083 2160; x_wconf 91' lang='lat' dir='ltr'><strong>quo</strong></span> <span class='ocrx_word' id='word_1_145' title='bbox 1108 2085 1304 2143; x_wconf 89' lang='lat' dir='ltr'><strong>coniecturam</strong></span> <span class='ocrx_word' id='word_1_146' title='bbox 1335 2085 1371 2142; x_wconf 89' lang='lat' dir='ltr'><strong>de</strong></span> <span class='ocrx_word' id='word_1_147' title='bbox 1403 2105 1483 2161; x_wconf 89' lang='lat' dir='ltr'><strong>prae·</strong></span> 
     </span>
     <span class='ocr_line' id='line_1_21' title="bbox 305 2173 1484 2245; baseline 0.001 -15"><span class='ocrx_word' id='word_1_148' title='bbox 305 2174 420 2232; x_wconf 87' lang='lat' dir='ltr'><strong>factura</strong></span> <span class='ocrx_word' id='word_1_149' title='bbox 452 2174 506 2232; x_wconf 90' lang='lat' dir='ltr'><strong>sub</strong></span> <span class='ocrx_word' id='word_1_150' title='bbox 529 2175 650 2233; x_wconf 76' lang='lat' dir='ltr'><strong>Iuliano</strong></span> <span class='ocrx_word' id='word_1_151' title='bbox 683 2195 708 2232; x_wconf 90' lang='lat' dir='ltr'><strong>a.</strong></span> <span class='ocrx_word' id='word_1_152' title='bbox 743 2176 816 2234; x_wconf 85' lang='lat'><strong>362.</strong></span> <span class='ocrx_word' id='word_1_153' title='bbox 848 2174 1053 2241; x_wconf 86' lang='lat' dir='ltr'><strong>administrata</strong></span> <span class='ocrx_word' id='word_1_154' title='bbox 1084 2173 1217 2245; x_wconf 87' lang='lat' dir='ltr'><strong>fulciret,</strong></span> <span class='ocrx_word' id='word_1_155' title='bbox 1251 2174 1399 2232; x_wconf 89' lang='lat' dir='ltr'><strong>lucratum</strong></span> <span class='ocrx_word' id='word_1_156' title='bbox 1423 2193 1484 2234; x_wconf 88' lang='lat' dir='ltr'><strong>essa</strong></span> 
     </span>
     <span class='ocr_line' id='line_1_22' title="bbox 307 2259 1484 2339; baseline -0.001 -18"><span class='ocrx_word' id='word_1_157' title='bbox 307 2263 424 2338; x_wconf 83' lang='lat' dir='ltr'><strong>putavit</strong></span> <span class='ocrx_word' id='word_1_158' title='bbox 448 2281 482 2320; x_wconf 89' lang='lat' dir='ltr'><strong>ex</strong></span> <span class='ocrx_word' id='word_1_159' title='bbox 498 2263 623 2339; x_wconf 90' lang='lat' dir='ltr'><strong>septima</strong></span> <span class='ocrx_word' id='word_1_160' title='bbox 638 2263 764 2321; x_wconf 89' lang='lat' dir='ltr'><strong>Himerii</strong></span> <span class='ocrx_word' id='word_1_161' title='bbox 787 2264 927 2334; x_wconf 88' lang='lat' dir='ltr'><strong>oratione,</strong></span> <span class='ocrx_word' id='word_1_162' title='bbox 943 2263 974 2321; x_wconf 90' lang='lat' dir='ltr'><strong>in</strong></span> <span class='ocrx_word' id='word_1_163' title='bbox 989 2281 1049 2339; x_wconf 89' lang='lat' dir='ltr'><strong>qua</strong></span> <span class='ocrx_word' id='word_1_164' title='bbox 1063 2259 1098 2322; x_wconf 92' lang='lat' dir='ltr'><strong>P.</strong></span> <span class='ocrx_word' id='word_1_165' title='bbox 1115 2262 1151 2320; x_wconf 90' lang='lat' dir='ltr'><strong>V.</strong></span> <span class='ocrx_word' id='word_1_166' title='bbox 1174 2262 1263 2320; x_wconf 89' lang='lat' dir='ltr'><strong>huius</strong></span> <span class='ocrx_word' id='word_1_167' title='bbox 1278 2263 1345 2320; x_wconf 84' lang='lat' dir='ltr'><strong>anni</strong></span> <span class='ocrx_word' id='word_1_168' title='bbox 1362 2266 1484 2338; x_wconf 90' lang='lat' dir='ltr'><strong>propter</strong></span> 
     </span>
     <span class='ocr_line' id='line_1_23' title="bbox 306 2346 1483 2428; baseline 0.001 -19"><span class='ocrx_word' id='word_1_169' title='bbox 306 2351 440 2409; x_wconf 87' lang='lat' dir='ltr'><strong>eximiam</strong></span> <span class='ocrx_word' id='word_1_170' title='bbox 480 2351 680 2426; x_wconf 87' lang='lat' dir='ltr'><strong>eloquent-iam</strong></span> <span class='ocrx_word' id='word_1_171' title='bbox 720 2346 900 2428; x_wconf 76' lang='lat' dir='ltr'><strong>laudatur.²)</strong></span> <span class='ocrx_word' id='word_1_172' title='bbox 959 2352 1119 2410; x_wconf 86' lang='lat' dir='ltr'><strong>Tillemont</strong></span> <span class='ocrx_word' id='word_1_173' title='bbox 1157 2351 1271 2427; x_wconf 90' lang='lat' dir='ltr'><strong>primus</strong></span> <span class='ocrx_word' id='word_1_174' title='bbox 1303 2351 1483 2411; x_wconf 88' lang='lat' dir='ltr'><strong>orationibus</strong></span> 
     </span>
     <span class='ocr_line' id='line_1_24' title="bbox 305 2438 1483 2500; baseline 0.001 -2"><span class='ocrx_word' id='word_1_175' title='bbox 305 2438 460 2498; x_wconf 78' lang='lat' dir='ltr'><strong>ThemIstii</strong></span> <span class='ocrx_word' id='word_1_176' title='bbox 498 2444 663 2499; x_wconf 90' lang='lat' dir='ltr'><strong>commotus</strong></span> <span class='ocrx_word' id='word_1_177' title='bbox 711 2441 907 2499; x_wconf 87' lang='lat' dir='ltr'><strong>Themistium</strong></span> <span class='ocrx_word' id='word_1_178' title='bbox 952 2441 1042 2498; x_wconf 90' lang='lat' dir='ltr'><strong>semel</strong></span> <span class='ocrx_word' id='word_1_179' title='bbox 1085 2440 1139 2498; x_wconf 88' lang='lat' dir='ltr'><strong>sub</strong></span> <span class='ocrx_word' id='word_1_180' title='bbox 1182 2441 1344 2500; x_wconf 84' lang='lat' dir='ltr'><strong>Theodosio</strong></span> <span class='ocrx_word' id='word_1_181' title='bbox 1382 2441 1415 2500; x_wconf 88' lang='lat' dir='ltr'><strong>P.</strong></span> <span class='ocrx_word' id='word_1_182' title='bbox 1447 2441 1483 2500; x_wconf 91' lang='lat' dir='ltr'><strong>V.</strong></span> 
     </span>
     <span class='ocr_line' id='line_1_25' title="bbox 306 2523 1485 2605; baseline 0.001 -20"><span class='ocrx_word' id='word_1_183' title='bbox 306 2529 397 2588; x_wconf 89' lang='lat' dir='ltr'><strong>fuisse</strong></span> <span class='ocrx_word' id='word_1_184' title='bbox 429 2547 603 2604; x_wconf 88' lang='lat' dir='ltr'><strong>persuasum</strong></span> <span class='ocrx_word' id='word_1_185' title='bbox 635 2523 784 2605; x_wconf 76' lang='lat' dir='ltr'><strong>habuit3),</strong></span> <span class='ocrx_word' id='word_1_186' title='bbox 827 2530 906 2604; x_wconf 93' lang='lat' dir='ltr'><strong>quod</strong></span> <span class='ocrx_word' id='word_1_187' title='bbox 943 2529 1004 2587; x_wconf 86' lang='lat' dir='ltr'><strong>Mai</strong></span> <span class='ocrx_word' id='word_1_188' title='bbox 1035 2529 1166 2588; x_wconf 87' lang='lat' dir='ltr'><strong>oratione</strong></span> <span class='ocrx_word' id='word_1_189' title='bbox 1198 2529 1332 2586; x_wconf 90' lang='lat' dir='ltr'><strong>XXXIV.</strong></span> <span class='ocrx_word' id='word_1_190' title='bbox 1364 2528 1485 2587; x_wconf 86' lang='lat' dir='ltr'><strong>inventa</strong></span> 
     </span>
     <span class='ocr_line' id='line_1_26' title="bbox 302 2613 469 2693; baseline 0 -17"><span class='ocrx_word' id='word_1_191' title='bbox 302 2613 469 2693; x_wconf 78' lang='lat' dir='ltr'><strong>firmavit.4)</strong></span> 
     </span>
    </p>
   </div>
   <div class='ocr_carea' id='block_1_3' title="bbox 303 2771 1482 2984">
    <p class='ocr_par' dir='ltr' id='par_1_7' title="bbox 303 2771 1482 2984">
     <span class='ocr_line' id='line_1_27' title="bbox 392 2771 1482 2840; baseline 0 -16"><span class='ocrx_word' id='word_1_192' title='bbox 392 2771 412 2840; x_wconf 88' lang='grc'><strong>1)</strong></span> <span class='ocrx_word' id='word_1_193' title='bbox 431 2771 549 2825; x_wconf 87' lang='lat' dir='ltr'><strong>Praeter</strong></span> <span class='ocrx_word' id='word_1_194' title='bbox 568 2771 702 2839; x_wconf 85' lang='lat' dir='ltr'><strong>Remum,</strong></span> <span class='ocrx_word' id='word_1_195' title='bbox 723 2772 877 2826; x_wconf 85' lang='lat' dir='ltr'><strong>Themistii</strong></span> <span class='ocrx_word' id='word_1_196' title='bbox 897 2777 967 2825; x_wconf 87' lang='lat' dir='ltr'><strong>orat.</strong></span> <span class='ocrx_word' id='word_1_197' title='bbox 988 2771 1040 2825; x_wconf 92' lang='lat' dir='ltr'><strong>VI.</strong></span> <span class='ocrx_word' id='word_1_198' title='bbox 1062 2773 1139 2826; x_wconf 88' lang='lat'><strong>1605.</strong></span> <span class='ocrx_word' id='word_1_199' title='bbox 1176 2772 1256 2840; x_wconf 87' lang='lat' dir='ltr'><strong>Pope</strong></span> <span class='ocrx_word' id='word_1_200' title='bbox 1277 2772 1395 2836; x_wconf 89' lang='lat' dir='ltr'><strong>Blount,</strong></span> <span class='ocrx_word' id='word_1_201' title='bbox 1416 2788 1482 2824; x_wconf 91' lang='lat' dir='ltr'><strong>cen-</strong></span> 
     </span>
     <span class='ocr_line' id='line_1_28' title="bbox 304 2842 1482 2912; baseline 0 -16"><span class='ocrx_word' id='word_1_202' title='bbox 304 2858 370 2896; x_wconf 89' lang='lat' dir='ltr'><strong>sura</strong></span> <span class='ocrx_word' id='word_1_203' title='bbox 393 2842 497 2895; x_wconf 89' lang='lat' dir='ltr'><strong>celebr.</strong></span> <span class='ocrx_word' id='word_1_204' title='bbox 522 2842 635 2898; x_wconf 89' lang='lat' dir='ltr'><strong>author.</strong></span> <span class='ocrx_word' id='word_1_205' title='bbox 656 2844 737 2911; x_wconf 87' lang='lat'><strong>1694,</strong></span> <span class='ocrx_word' id='word_1_206' title='bbox 767 2844 817 2912; x_wconf 90' lang='lat' dir='ltr'><strong>qui</strong></span> <span class='ocrx_word' id='word_1_207' title='bbox 843 2842 1036 2896; x_wconf 85' lang='lat' dir='ltr'><strong>Themistium</strong></span> <span class='ocrx_word' id='word_1_208' title='bbox 1061 2843 1149 2896; x_wconf 84' lang='lat' dir='ltr'><strong>fuisse</strong></span> <span class='ocrx_word' id='word_1_209' title='bbox 1173 2847 1279 2912; x_wconf 86' lang='lat' dir='ltr'><strong>putant</strong></span> <span class='ocrx_word' id='word_1_210' title='bbox 1303 2843 1482 2912; x_wconf 85' lang='lat' dir='ltr'><strong>praefectum</strong></span> 
     </span>
     <span class='ocr_line' id='line_1_29' title="bbox 303 2913 1482 2984; baseline 0 -18"><span class='ocrx_word' id='word_1_211' title='bbox 303 2913 466 2984; x_wconf 89' lang='lat' dir='ltr'><strong>praetorio,</strong></span> <span class='ocrx_word' id='word_1_212' title='bbox 498 2913 642 2967; x_wconf 81' lang='lat' dir='ltr'><strong>Ioannem</strong></span> <span class='ocrx_word' id='word_1_213' title='bbox 667 2915 686 2968; x_wconf 91' lang='lat' dir='ltr'><strong>J</strong></span> <span class='ocrx_word' id='word_1_214' title='bbox 689 2913 816 2983; x_wconf 86' lang='lat' dir='ltr'><strong>ensium,</strong></span> <span class='ocrx_word' id='word_1_215' title='bbox 849 2913 900 2983; x_wconf 92' lang='lat' dir='ltr'><strong>qui</strong></span> <span class='ocrx_word' id='word_1_216' title='bbox 926 2913 1017 2968; x_wconf 89' lang='lat' dir='ltr'><strong>credit</strong></span> <span class='ocrx_word' id='word_1_217' title='bbox 1042 2915 1208 2982; x_wconf 87' lang='lat' dir='ltr'><strong>consulem,</strong></span> <span class='ocrx_word' id='word_1_218' title='bbox 1246 2913 1380 2984; x_wconf 87' lang='lat' dir='ltr'><strong>descript.</strong></span> <span class='ocrx_word' id='word_1_219' title='bbox 1412 2914 1482 2967; x_wconf 86' lang='lat' dir='ltr'><strong>hist.</strong></span> 
     </span>
    </p>
   </div>
   <div class='ocr_carea' id='block_1_4' title="bbox 197 2983 518 3056">
    <p class='ocr_par' dir='ltr' id='par_1_8' title="bbox 197 2983 518 3056">
     <span class='ocr_line' id='line_1_30' title="bbox 197 2983 518 3056; baseline 0.006 -20"><span class='ocrx_word' id='word_1_220' title='bbox 197 3050 200 3056; x_wconf 36' lang='grc'>,</span> <span class='ocrx_word' id='word_1_221' title='bbox 303 2983 406 3054; x_wconf 87' lang='lat' dir='ltr'><strong>philol.</strong></span> <span class='ocrx_word' id='word_1_222' title='bbox 428 2984 518 3051; x_wconf 84' lang='lat' dir='ltr'><strong>nra,</strong></span> 
     </span>
    </p>
   </div>
   <div class='ocr_carea' id='block_1_5' title="bbox 300 3053 1479 4476">
    <p class='ocr_par' dir='ltr' id='par_1_9' title="bbox 374 3053 1020 3111">
     <span class='ocr_line' id='line_1_31' title="bbox 374 3053 1020 3111; baseline 0.005 -4"><span class='ocrx_word' id='word_1_223' title='bbox 374 3061 418 3108; x_wconf 87' lang='lat' dir='ltr'><strong>ter</strong></span> <span class='ocrx_word' id='word_1_224' title='bbox 436 3053 526 3108; x_wconf 86' lang='lat' dir='ltr'><strong>fuisse</strong></span> <span class='ocrx_word' id='word_1_225' title='bbox 544 3055 736 3109; x_wconf 86' lang='lat' dir='ltr'><strong>Themistium</strong></span> <span class='ocrx_word' id='word_1_226' title='bbox 754 3056 787 3111; x_wconf 91' lang='lat' dir='ltr'><strong>P.</strong></span> <span class='ocrx_word' id='word_1_227' title='bbox 802 3056 838 3110; x_wconf 90' lang='lat' dir='ltr'><strong>V.</strong></span> <span class='ocrx_word' id='word_1_228' title='bbox 859 3056 1020 3110; x_wconf 90' lang='lat' dir='ltr'><strong>coniciunt:</strong></span> 
     </span>
    </p>

    <p class='ocr_par' dir='ltr' id='par_1_10' title="bbox 339 3125 1147 3194">
     <span class='ocr_line' id='line_1_32' title="bbox 339 3125 1147 3194; baseline 0.002 -16"><span class='ocrx_word' id='word_1_229' title='bbox 339 3125 517 3194; x_wconf 89' lang='lat' dir='ltr'><strong>Harduinus,</strong></span> <span class='ocrx_word' id='word_1_230' title='bbox 536 3127 568 3179; x_wconf 91' lang='lat' dir='ltr'><strong>in</strong></span> <span class='ocrx_word' id='word_1_231' title='bbox 587 3125 684 3180; x_wconf 87' lang='lat' dir='ltr'><strong>indice</strong></span> <span class='ocrx_word' id='word_1_232' title='bbox 704 3126 832 3182; x_wconf 91' lang='lat' dir='ltr'><strong>chronol.</strong></span> <span class='ocrx_word' id='word_1_233' title='bbox 854 3127 897 3184; x_wconf 87' lang='lat' dir='ltr'><strong>cd.</strong></span> <span class='ocrx_word' id='word_1_234' title='bbox 917 3127 1056 3182; x_wconf 85' lang='lat' dir='ltr'><strong>Themist.</strong></span> <span class='ocrx_word' id='word_1_235' title='bbox 1077 3133 1147 3181; x_wconf 89' lang='lat' dir='ltr'><strong>orat.</strong></span> 
     </span>
    </p>

    <p class='ocr_par' dir='ltr' id='par_1_11' title="bbox 338 3197 807 3266">
     <span class='ocr_line' id='line_1_33' title="bbox 338 3197 807 3266; baseline 0.006 -16"><span class='ocrx_word' id='word_1_236' title='bbox 338 3197 484 3266; x_wconf 87' lang='lat' dir='ltr'><strong>Petavius,</strong></span> <span class='ocrx_word' id='word_1_237' title='bbox 504 3203 563 3250; x_wconf 90' lang='lat' dir='ltr'><strong>not.</strong></span> <span class='ocrx_word' id='word_1_238' title='bbox 584 3197 621 3251; x_wconf 89' lang='lat' dir='ltr'><strong>ad</strong></span> <span class='ocrx_word' id='word_1_239' title='bbox 640 3204 710 3252; x_wconf 86' lang='lat' dir='ltr'><strong>orat.</strong></span> <span class='ocrx_word' id='word_1_240' title='bbox 724 3198 807 3254; x_wconf 89' lang='lat' dir='ltr'><strong>VIII.</strong></span> 
     </span>
    </p>

    <p class='ocr_par' dir='ltr' id='par_1_12' title="bbox 337 3267 760 3339">
     <span class='ocr_line' id='line_1_34' title="bbox 337 3267 760 3339; baseline 0 -18"><span class='ocrx_word' id='word_1_241' title='bbox 337 3269 466 3322; x_wconf 86' lang='lat' dir='ltr'><strong>Brucker</strong></span> <span class='ocrx_word' id='word_1_242' title='bbox 484 3267 584 3323; x_wconf 90' lang='lat' dir='ltr'><strong>histor.</strong></span> <span class='ocrx_word' id='word_1_243' title='bbox 606 3269 669 3324; x_wconf 89' lang='lat' dir='ltr'><strong>crit.</strong></span> <span class='ocrx_word' id='word_1_244' title='bbox 688 3269 760 3339; x_wconf 90' lang='lat' dir='ltr'><strong>phil.</strong></span> 
     </span>
    </p>

    <p class='ocr_par' dir='ltr' id='par_1_13' title="bbox 338 3339 831 3407">
     <span class='ocr_line' id='line_1_35' title="bbox 338 3339 831 3407; baseline 0.002 -13"><span class='ocrx_word' id='word_1_245' title='bbox 338 3340 451 3407; x_wconf 84' lang='lat' dir='ltr'><strong>Harlce,</strong></span> <span class='ocrx_word' id='word_1_246' title='bbox 470 3340 606 3394; x_wconf 89' lang='lat' dir='ltr'><strong>biblioth.</strong></span> <span class='ocrx_word' id='word_1_247' title='bbox 627 3339 676 3395; x_wconf 82' lang='lat' dir='ltr'><strong>Gr.</strong></span> <span class='ocrx_word' id='word_1_248' title='bbox 695 3341 831 3396; x_wconf 89' lang='lat' dir='ltr'><strong>Fabricii.</strong></span> 
     </span>
    </p>

    <p class='ocr_par' dir='ltr' id='par_1_14' title="bbox 337 3411 749 3481">
     <span class='ocr_line' id='line_1_36' title="bbox 337 3411 749 3481; baseline 0 -15"><span class='ocrx_word' id='word_1_249' title='bbox 337 3411 463 3481; x_wconf 81' lang='lat' dir='ltr'><strong>Schoell,</strong></span> <span class='ocrx_word' id='word_1_250' title='bbox 484 3411 533 3466; x_wconf 84' lang='lat' dir='ltr'><strong>Gr.</strong></span> <span class='ocrx_word' id='word_1_251' title='bbox 553 3413 624 3466; x_wconf 88' lang='lat' dir='ltr'><strong>Litt.</strong></span> <span class='ocrx_word' id='word_1_252' title='bbox 645 3411 749 3467; x_wconf 87' lang='lat' dir='ltr'><strong>Gesoh.</strong></span> 
     </span>
    </p>

    <p class='ocr_par' dir='ltr' id='par_1_15' title="bbox 338 3483 984 3553">
     <span class='ocr_line' id='line_1_37' title="bbox 338 3483 984 3553; baseline 0.006 -18"><span class='ocrx_word' id='word_1_253' title='bbox 338 3483 439 3550; x_wconf 89' lang='lat' dir='ltr'><strong>Bachr,</strong></span> <span class='ocrx_word' id='word_1_254' title='bbox 458 3483 564 3552; x_wconf 88' lang='lat' dir='ltr'><strong>Paulyi</strong></span> <span class='ocrx_word' id='word_1_255' title='bbox 584 3483 692 3553; x_wconf 88' lang='lat' dir='ltr'><strong>encycl.</strong></span> <span class='ocrx_word' id='word_1_256' title='bbox 712 3502 733 3538; x_wconf 89' lang='lat' dir='ltr'><strong>s.</strong></span> <span class='ocrx_word' id='word_1_257' title='bbox 753 3503 778 3540; x_wconf 86' lang='lat' dir='ltr'><strong>v.</strong></span> <span class='ocrx_word' id='word_1_258' title='bbox 798 3485 984 3539; x_wconf 82' lang='lat' dir='ltr'><strong>Themistius.</strong></span> 
     </span>
    </p>

    <p class='ocr_par' dir='ltr' id='par_1_16' title="bbox 313 3553 1479 3696">
     <span class='ocr_line' id='line_1_38' title="bbox 337 3553 1479 3626; baseline 0.002 -20"><span class='ocrx_word' id='word_1_259' title='bbox 337 3554 370 3608; x_wconf 86' lang='lat' dir='ltr'><strong>E.</strong></span> <span class='ocrx_word' id='word_1_260' title='bbox 384 3553 471 3607; x_wconf 89' lang='lat' dir='ltr'><strong>Baret</strong></span> <span class='ocrx_word' id='word_1_261' title='bbox 483 3553 514 3607; x_wconf 90' lang='lat' dir='ltr'><strong>in</strong></span> <span class='ocrx_word' id='word_1_262' title='bbox 527 3554 602 3608; x_wconf 92' lang='lat' dir='ltr'><strong>libro</strong></span> <span class='ocrx_word' id='word_1_263' title='bbox 616 3555 729 3609; x_wconf 89' lang='lat' dir='ltr'><strong>minimi</strong></span> <span class='ocrx_word' id='word_1_264' title='bbox 742 3556 854 3625; x_wconf 90' lang='lat' dir='ltr'><strong>pretiii:</strong></span> <span class='ocrx_word' id='word_1_265' title='bbox 874 3557 919 3610; x_wconf 88' lang='lat' dir='ltr'><strong>De</strong></span> <span class='ocrx_word' id='word_1_266' title='bbox 933 3555 1094 3610; x_wconf 88' lang='lat' dir='ltr'><strong>Themistio</strong></span> <span class='ocrx_word' id='word_1_267' title='bbox 1108 3555 1247 3626; x_wconf 85' lang='lat' dir='ltr'><strong>sophista.</strong></span> <span class='ocrx_word' id='word_1_268' title='bbox 1261 3556 1351 3610; x_wconf 88' lang='lat' dir='ltr'><strong>Paris.</strong></span> <span class='ocrx_word' id='word_1_269' title='bbox 1365 3573 1389 3609; x_wconf 92' lang='lat' dir='ltr'><strong>a.</strong></span> <span class='ocrx_word' id='word_1_270' title='bbox 1403 3555 1479 3608; x_wconf 82' lang='lat'><strong>1853.</strong></span> 
     </span>
     <span class='ocr_line' id='line_1_39' title="bbox 313 3625 1221 3696; baseline 0.004 -19"><span class='ocrx_word' id='word_1_271' title='bbox 313 3647 314 3650; x_wconf 43' lang='lat'>¹</span> <span class='ocrx_word' id='word_1_272' title='bbox 374 3625 419 3678; x_wconf 93' lang='lat' dir='ltr'><strong>De</strong></span> <span class='ocrx_word' id='word_1_273' title='bbox 437 3625 618 3694; x_wconf 88' lang='lat' dir='ltr'><strong>praefectura</strong></span> <span class='ocrx_word' id='word_1_274' title='bbox 637 3626 673 3680; x_wconf 86' lang='lat' dir='ltr'><strong>ab</strong></span> <span class='ocrx_word' id='word_1_275' title='bbox 693 3627 813 3680; x_wconf 86' lang='lat' dir='ltr'><strong>Juliano</strong></span> <span class='ocrx_word' id='word_1_276' title='bbox 833 3632 953 3696; x_wconf 87' lang='lat' dir='ltr'><strong>accepta</strong></span> <span class='ocrx_word' id='word_1_277' title='bbox 971 3626 1059 3680; x_wconf 89' lang='lat' dir='ltr'><strong>verba</strong></span> <span class='ocrx_word' id='word_1_278' title='bbox 1077 3628 1221 3681; x_wconf 86' lang='lat' dir='ltr'><strong>fecerunt:</strong></span> 
     </span>
    </p>

    <p class='ocr_par' dir='ltr' id='par_1_17' title="bbox 337 3694 720 3760">
     <span class='ocr_line' id='line_1_40' title="bbox 337 3694 720 3760; baseline 0.013 -12"><span class='ocrx_word' id='word_1_279' title='bbox 337 3694 496 3760; x_wconf 88' lang='lat' dir='ltr'><strong>Fabricius,</strong></span> <span class='ocrx_word' id='word_1_280' title='bbox 515 3696 652 3752; x_wconf 90' lang='lat' dir='ltr'><strong>biblioth.</strong></span> <span class='ocrx_word' id='word_1_281' title='bbox 672 3697 720 3753; x_wconf 84' lang='lat' dir='ltr'><strong>Gr.</strong></span> 
     </span>
    </p>

    <p class='ocr_par' dir='ltr' id='par_1_18' title="bbox 338 3766 686 3835">
     <span class='ocr_line' id='line_1_41' title="bbox 338 3766 686 3835; baseline 0.006 -15"><span class='ocrx_word' id='word_1_282' title='bbox 338 3766 451 3835; x_wconf 82' lang='lat' dir='ltr'><strong>Saxius,</strong></span> <span class='ocrx_word' id='word_1_283' title='bbox 471 3767 686 3828; x_wconf 88' lang='lat' dir='ltr'><strong>Onomasticon.</strong></span> 
     </span>
    </p>

    <p class='ocr_par' dir='ltr' id='par_1_19' title="bbox 301 3836 1479 4050">
     <span class='ocr_line' id='line_1_42' title="bbox 374 3836 1477 3908; baseline -0.002 -17"><span class='ocrx_word' id='word_1_284' title='bbox 374 3838 468 3903; x_wconf 77' lang='lat' dir='ltr'><strong>Quam</strong></span> <span class='ocrx_word' id='word_1_285' title='bbox 491 3839 543 3893; x_wconf 91' lang='lat' dir='ltr'><strong>diu</strong></span> <span class='ocrx_word' id='word_1_286' title='bbox 560 3857 644 3894; x_wconf 85' lang='lat' dir='ltr'><strong>error</strong></span> <span class='ocrx_word' id='word_1_287' title='bbox 667 3840 755 3893; x_wconf 89' lang='lat' dir='ltr'><strong>huius</strong></span> <span class='ocrx_word' id='word_1_288' title='bbox 773 3838 886 3908; x_wconf 87' lang='lat' dir='ltr'><strong>generis</strong></span> <span class='ocrx_word' id='word_1_289' title='bbox 905 3843 1095 3907; x_wconf 85' lang='lat' dir='ltr'><strong>propagetur,</strong></span> <span class='ocrx_word' id='word_1_290' title='bbox 1120 3854 1153 3890; x_wconf 87' lang='lat' dir='ltr'><strong>co</strong></span> <span class='ocrx_word' id='word_1_291' title='bbox 1173 3837 1368 3906; x_wconf 81' lang='lat' dir='ltr'><strong>intellegitur,</strong></span> <span class='ocrx_word' id='word_1_292' title='bbox 1399 3836 1477 3906; x_wconf 91' lang='lat' dir='ltr'><strong>quod</strong></span> 
     </span>
     <span class='ocr_line' id='line_1_43' title="bbox 302 3906 1479 3980; baseline -0.002 -16"><span class='ocrx_word' id='word_1_293' title='bbox 302 3909 447 3964; x_wconf 88' lang='lat' dir='ltr'><strong>Henricus</strong></span> <span class='ocrx_word' id='word_1_294' title='bbox 464 3910 552 3964; x_wconf 89' lang='lat' dir='ltr'><strong>Ibscn</strong></span> <span class='ocrx_word' id='word_1_295' title='bbox 576 3910 739 3980; x_wconf 88' lang='lat' dir='ltr'><strong>tragoedia,</strong></span> <span class='ocrx_word' id='word_1_296' title='bbox 768 3927 841 3980; x_wconf 88' lang='lat' dir='ltr'><strong>quae</strong></span> <span class='ocrx_word' id='word_1_297' title='bbox 868 3909 1039 3962; x_wconf 87' lang='lat' dir='ltr'><strong>inscribitur</strong></span> <span class='ocrx_word' id='word_1_298' title='bbox 1067 3909 1234 3977; x_wconf 86' lang='lat' dir='ltr'><strong>,imperator</strong></span> <span class='ocrx_word' id='word_1_299' title='bbox 1258 3913 1287 3962; x_wconf 88' lang='lat' dir='ltr'><strong>et</strong></span> <span class='ocrx_word' id='word_1_300' title='bbox 1311 3906 1479 3975; x_wconf 82' lang='lat' dir='ltr'><strong>Galilaeus‘‚</strong></span> 
     </span>
     <span class='ocr_line' id='line_1_44' title="bbox 301 3979 1433 4050; baseline -0.006 -14"><span class='ocrx_word' id='word_1_301' title='bbox 301 3981 454 4036; x_wconf 90' lang='lat' dir='ltr'><strong>Julianum</strong></span> <span class='ocrx_word' id='word_1_302' title='bbox 474 3982 545 4036; x_wconf 87' lang='lat' dir='ltr'><strong>facit</strong></span> <span class='ocrx_word' id='word_1_303' title='bbox 565 3980 721 4050; x_wconf 86' lang='lat' dir='ltr'><strong>eligentem</strong></span> <span class='ocrx_word' id='word_1_304' title='bbox 740 3980 933 4034; x_wconf 86' lang='lat' dir='ltr'><strong>Themistium</strong></span> <span class='ocrx_word' id='word_1_305' title='bbox 951 3980 983 4033; x_wconf 94' lang='lat' dir='ltr'><strong>P.</strong></span> <span class='ocrx_word' id='word_1_306' title='bbox 997 3979 1033 4032; x_wconf 94' lang='lat' dir='ltr'><strong>V.</strong></span> <span class='ocrx_word' id='word_1_307' title='bbox 1055 3979 1162 4048; x_wconf 82' lang='lat' dir='ltr'><strong>Opolis.</strong></span> <span class='ocrx_word' id='word_1_308' title='bbox 1432 3999 1433 4002; x_wconf 43' lang='lat'>¹</span> 
     </span>
    </p>

    <p class='ocr_par' dir='ltr' id='par_1_20' title="bbox 302 4050 1477 4179">
     <span class='ocr_line' id='line_1_45' title="bbox 390 4050 1477 4123; baseline -0.005 -16"><span class='ocrx_word' id='word_1_309' title='bbox 390 4053 412 4123; x_wconf 74' lang='lat'><strong>²)</strong></span> <span class='ocrx_word' id='word_1_310' title='bbox 430 4053 557 4107; x_wconf 90' lang='lat' dir='ltr'><strong>Himerii</strong></span> <span class='ocrx_word' id='word_1_311' title='bbox 576 4050 998 4106; x_wconf 86' lang='lat' dir='ltr'><strong>orationesed.Wer11sdorfa.</strong></span> <span class='ocrx_word' id='word_1_312' title='bbox 1015 4050 1092 4105; x_wconf 83' lang='lat'><strong>1790.</strong></span> <span class='ocrx_word' id='word_1_313' title='bbox 1112 4056 1183 4106; x_wconf 89' lang='lat' dir='ltr'><strong>orat.</strong></span> <span class='ocrx_word' id='word_1_314' title='bbox 1197 4050 1264 4106; x_wconf 94' lang='lat' dir='ltr'><strong>VII.</strong></span> <span class='ocrx_word' id='word_1_315' title='bbox 1285 4068 1347 4122; x_wconf 89' lang='lat' dir='ltr'><strong>cap.</strong></span> <span class='ocrx_word' id='word_1_316' title='bbox 1364 4053 1397 4105; x_wconf 84' lang='lat'><strong>15</strong></span> <span class='ocrx_word' id='word_1_317' title='bbox 1419 4068 1477 4120; x_wconf 88' lang='lat' dir='ltr'><strong>seq.</strong></span> 
     </span>
     <span class='ocr_line' id='line_1_46' title="bbox 302 4123 526 4179; baseline 0 -1"><span class='ocrx_word' id='word_1_318' title='bbox 302 4123 398 4179; x_wconf 87' lang='lat' dir='ltr'><strong>adnot.</strong></span> <span class='ocrx_word' id='word_1_319' title='bbox 440 4124 526 4178; x_wconf 83' lang='lat'><strong>.585.</strong></span> 
     </span>
    </p>

    <p class='ocr_par' dir='ltr' id='par_1_21' title="bbox 300 4143 1475 4476">
     <span class='ocr_line' id='line_1_47' title="bbox 390 4143 1475 4320; baseline -0.006 -72"><span class='ocrx_word' id='word_1_320' title='bbox 390 4143 603 4320; x_wconf 62' lang='lat' dir='ltr'><strong>³)2pTillemont,</strong></span> <span class='ocrx_word' id='word_1_321' title='bbox 633 4194 754 4247; x_wconf 87' lang='lat' dir='ltr'><strong>histoire</strong></span> <span class='ocrx_word' id='word_1_322' title='bbox 783 4193 833 4247; x_wconf 89' lang='lat' dir='ltr'><strong>des</strong></span> <span class='ocrx_word' id='word_1_323' title='bbox 857 4210 1028 4264; x_wconf 88' lang='lat' dir='ltr'><strong>empereurs.</strong></span> <span class='ocrx_word' id='word_1_324' title='bbox 1069 4195 1254 4264; x_wconf 87' lang='lat' dir='ltr'><strong>L&#39;empereur</strong></span> <span class='ocrx_word' id='word_1_325' title='bbox 1278 4192 1429 4249; x_wconf 87' lang='lat' dir='ltr'><strong>Theodosc</strong></span> <span class='ocrx_word' id='word_1_326' title='bbox 1453 4191 1475 4242; x_wconf 92' lang='lat' dir='ltr'><strong>I.</strong></span> 
     </span>
     <span class='ocr_line' id='line_1_48' title="bbox 300 4268 686 4322; baseline 0 -2"><span class='ocrx_word' id='word_1_327' title='bbox 300 4273 369 4320; x_wconf 90' lang='lat' dir='ltr'><strong>note</strong></span> <span class='ocrx_word' id='word_1_328' title='bbox 388 4269 431 4322; x_wconf 89' lang='lat'><strong>6.</strong></span> <span class='ocrx_word' id='word_1_329' title='bbox 685 4268 686 4272; x_wconf 75' lang='grc'>’</span> 
     </span>
     <span class='ocr_line' id='line_1_49' title="bbox 389 4331 1475 4407; baseline -0.004 -17"><span class='ocrx_word' id='word_1_330' title='bbox 389 4338 410 4407; x_wconf 80' lang='lat'><strong>⁴)</strong></span> <span class='ocrx_word' id='word_1_331' title='bbox 434 4337 572 4391; x_wconf 80' lang='lat' dir='ltr'><strong>Themist.</strong></span> <span class='ocrx_word' id='word_1_332' title='bbox 598 4353 637 4389; x_wconf 91' lang='lat' dir='ltr'><strong>or.</strong></span> <span class='ocrx_word' id='word_1_333' title='bbox 658 4335 799 4390; x_wconf 90' lang='lat' dir='ltr'><strong>XXXIV.</strong></span> <span class='ocrx_word' id='word_1_334' title='bbox 819 4335 916 4392; x_wconf 82' lang='lat' dir='ltr'><strong>adnot.</strong></span> <span class='ocrx_word' id='word_1_335' title='bbox 936 4337 1009 4391; x_wconf 89' lang='lat' dir='ltr'><strong>Maii</strong></span> <span class='ocrx_word' id='word_1_336' title='bbox 1035 4337 1072 4390; x_wconf 91' lang='lat' dir='ltr'><strong>ad</strong></span> <span class='ocrx_word' id='word_1_337' title='bbox 1096 4353 1157 4406; x_wconf 90' lang='lat' dir='ltr'><strong>cap.</strong></span> <span class='ocrx_word' id='word_1_338' title='bbox 1177 4335 1259 4388; x_wconf 92' lang='lat' dir='ltr'><strong>XIV.</strong></span> <span class='ocrx_word' id='word_1_339' title='bbox 1285 4336 1322 4403; x_wconf 87' lang='lat' dir='ltr'><strong>(p.</strong></span> <span class='ocrx_word' id='word_1_340' title='bbox 1342 4333 1403 4386; x_wconf 80' lang='lat'><strong>458.</strong></span> <span class='ocrx_word' id='word_1_341' title='bbox 1432 4331 1475 4386; x_wconf 90' lang='lat' dir='ltr'><strong>ed.</strong></span> 
     </span>
     <span class='ocr_line' id='line_1_50' title="bbox 300 4408 1425 4476; baseline 0 -14"><span class='ocrx_word' id='word_1_342' title='bbox 300 4408 465 4476; x_wconf 78' lang='lat' dir='ltr'><strong>Dindorfii).</strong></span> <span class='ocrx_word' id='word_1_343' title='bbox 1424 4423 1425 4428; x_wconf 75' lang='grc'>’</span> 
     </span>
    </p>
   </div>
   <div class='ocr_carea' id='block_1_6' title="bbox 0 0 1690 5210">
    <p class='ocr_par' dir='ltr' id='par_1_22' title="bbox 0 0 1690 5210">
     <span class='ocr_line' id='line_1_51' title="bbox 0 0 1690 5210; baseline 0 0"><span class='ocrx_word' id='word_1_344' title='bbox 0 0 1690 5210; x_wconf 95' lang='lat' dir='ltr'><strong> </strong></span> 
     </span>
    </p>
   </div>
  </div>
 </body>
</html>
