3372 5210
703 468 923 525 -99-

797 675 833 744 0.

484 806 532 864 Do
555 804 711 878 licentiis
735 804 905 865 Palladee
928 804 1149 881 quibusdem.

320 930 466 1004 Quoniam
489 931 569 1009 leges
592 929 748 1007 primarias
768 930 839 990 artis
855 930 993 990 metricae
1009 930 1149 989 Palladae
1164 929 1402 1007 perquisivimus,

231 1042 308 1082 nuno
331 1022 367 1080 de
390 1019 538 1080 nonnullis
560 1019 686 1081 licentiis
709 1023 745 1079 ut
766 1020 953 1091 disseramus
976 1023 1078 1093 restat,
1099 1039 1175 1096 quae
1192 1037 1399 1079 commemora·

230 1112 309 1172 tione
332 1109 522 1188 dignissimae
545 1113 623 1170 sunt.
664 1109 739 1168 <lum
763 1107 913 1167 Palladem
938 1108 1079 1166 nimirum
1102 1109 1144 1168 eis
1167 1108 1302 1179 licentiis,
1325 1127 1401 1185 quae

230 1201 298 1260 inde
314 1200 351 1259 ab
367 1199 497 1258 Homero
519 1217 615 1274 usque
638 1197 675 1256 ad
691 1197 903 1257 Alexandrinos
927 1215 1045 1274 quoque
1068 1197 1098 1255 in
1122 1215 1180 1257 usu
1195 1202 1288 1271 erant,
1311 1215 1401 1274 quam

232 1289 356 1349 maxime
372 1307 460 1348 usum
481 1307 543 1348 esse
567 1287 607 1348 eis
631 1286 728 1360 rebus,
752 1305 825 1363 quas
848 1286 944 1346 adhuc
968 1286 1096 1363 exposui,
1120 1286 1191 1347 satis
1213 1285 1402 1363 perspicuum
1439 1282 1441 1286 ’

232 1379 281 1458 sit,
296 1379 351 1437 hoc
366 1378 431 1436 loco
447 1377 565 1454 singule
580 1377 713 1453 exempla
729 1395 832 1436 earum
846 1395 1019 1435 ¹enumerare
1034 1394 1093 1435 non
1109 1395 1184 1452 opus
1200 1378 1252 1448 est,
1276 1379 1311 1434 ut
1326 1393 1402 1436 com-

232 1485 391 1526 memorem
415 1485 440 1525 e.·
468 1484 497 1543 g.
530 1465 634 1526 breves
666 1465 795 1542 syllabas
826 1466 925 1524 media
956 1466 986 1524 in
1010 1483 1081 1525 voce
1113 1465 1225 1542 positas
1257 1465 1402 1541 positione

232 1557 391 1633 productas
413 1558 466 1614 aut
488 1573 547 1614 non
569 1555 729 1631 productas
752 1555 847 1612 multa
870 1555 928 1612 alia
951 1554 1082 1614 eiusdem
1105 1554 1227 1630 generis.

320 1644 454 1721 Syllabas
476 1643 578 1703 finales
605 1643 637 1701 in
660 1643 792 1702 vocalem
818 1642 990 1703 terminatas
1015 1643 1148 1702 Palladas
1175 1661 1234 1702 non
1262 1642 1349 1702 modo
1373 1642 1403 1702 vi

231 1736 359 1794 duarum
383 1750 576 1791 consonarum
600 1731 683 1791 verbi
705 1731 864 1807 sequentis,
887 1731 937 1791 sed
961 1731 1050 1790 etiam
1073 1735 1197 1792 accentu
1212 1749 1314 1792 versus
1337 1750 1402 1807 pro·

233 1823 323 1894 ducit,
347 1820 417 1896 quin
441 1821 531 1879 etiam
554 1838 612 1880 non
635 1820 723 1880 modo
745 1839 806 1884 una
825 1839 951 1880 consona
974 1825 1124 1897 sequente,
1149 1822 1251 1897 quales
1274 1819 1403 1898 syllabas

232 1911 414 1987 Meleagrum
439 1909 537 1969 Ouvrd
545 1905 569 1987 1)
598 1913 628 1969 et
650 1909 859 1970 Callimachum
884 1903 999 1987 Heep⁹l
1025 1910 1197 1988 produxisse
1220 1911 1401 1970 demonstra-

232 2002 347 2073 veruut,
372 1999 531 2075 exquibus
553 1999 601 2059 hic
623 2002 775 2075 praeterea
797 1999 872 2058 tales
895 2000 1023 2075 syllabas
1043 2019 1189 2076 nusquam
1213 1999 1269 2059 nisi
1291 1999 1321 2058 in
1345 1999 1404 2058 arsi

233 2087 357 2166 produci
372 2088 509 2160 ostendit,
533 2089 584 2147 sed
608 2089 697 2147 etiem
713 2088 828 2147 duabus
845 2087 994 2148 vocalibus
1018 2107 1048 2146 se
1072 2088 1292 2163 excipientibus.
1331 2086 1401 2157 Qui-

232 2178 341 2238 busin
365 2177 486 2253 syllabis
509 2179 567 2236 no'n
590 2177 677 2235 modo
701 2177 744 2235 vis
767 2177 866 2235 hiatus
889 2176 1006 2235 sublata
1029 2180 1087 2255 est,
1115 2176 1165 2236 sed
1189 2177 1276 2235 etiam
1301 2194 1403 2236 versus

233 2269 358 2326 accentu
381 2266 478 2327 brevis
500 2266 610 2326 vocalis
637 2265 782 2341 producta
810 2268 867 2338 est,
895 2264 932 2324 cf.
956 2267 990 2324 X.
1016 2267 1066 2336 44,
1089 2284 1116 2325 v.
1142 2267 1170 2323 4.
1217 2259 1334 2342 Δόμινε
1357 2257 1404 2325 ori.

233 2355 299 2413 Una
321 2357 447 2414 oonsoua'
469 2357 610 2430 sequente
633 2353 808 2430 producitur
830 2354 882 2412 IX.
900 2355 972 2425 395,
991 2355 1018 2414 1.
1043 2349 1171 2431 γλύκιον
1190 2340 1236 2436 ἧς,
1261 2355 1405 2431 utsupra

232 2464 261 2521 p.
285 2443 336 2503 84.
360 2445 391 2502 et
412 2443 463 2500 VI.
489 2444 540 2519 85,
557 2445 585 2502 2.
624 2436 908 2524 Γορδιοπριλοὶριος
930 2434 1061 2502 ἄνθετο.
1092 2442 1405 2520 (of.simi10Lueiani

232 2532 283 2592 XI.
307 2532 381 2603 431,
407 2534 435 2592 2.
458 2527 557 2611 τρῶγε
580 2525 687 2613 καὶ,)3)
734 2532 829 2591 Semel
853 2533 989 2592 Pallados
1012 2533 1151 2610 producit
1173 2533 1262 2592 etiam
1285 2532 1403 2593 brevem

232 2621 376 2698 syllabam
408 2622 515 2681 thesim
548 2615 713 2698 explentem
747 2622 798 2680 IX.
825 2621 901 2691 168,
936 2624 963 2682 5.
992 2616 1086 2702 μῆνιν
1112 2614 1296 2702 οὐλομένην,
1324 2621 1404 2698 quod

232 2714 390 2770 excusatur
400 2730 434 2768 ea
444 2711 555 2785 solare,
566 2709 646 2786 quod
662 2710 753 2768 verba
763 2729 797 2768 ar
807 2709 938 2769 Homero
948 2714 1066 2787 sumpte
1075 2710 1204 2770 hocloco
1221 2709 1403 2787 coniungun-

233 2804 291 2858 tur.
331 2797 378 2856 Ob
394 2797 516 2856 eandem
539 2817 655 2858 causam
672 2798 773 2857 littera
787 2790 816 2856 τ’
832 2817 891 2857 non
906 2817 982 2874 opus
998 2802 1051 2874 est,
1067 2818 1156 2875 quam
1172 2818 1189 2858 a
1204 2800 1249 2860 Pl.
1265 2799 1405 2859 insertam

232 2887 340 2946 Jacobs
372 2887 510 2965 removit,
542 2887 580 2947 cf.
613 2887 720 2946 similia
742 2887 795 2948 ΧΙ.
818 2889 875 2961 80,
899 2889 928 2948 2.
957 2873 1051 2946 Ἆπιν
1075 2880 1186 2947 οὐδένα
1209 2887 1260 2948 ΧΙ.
1285 2889 1360 2962 408,
1378 2888 1404 2948 1.

232 2970 330 3056 γῆρας
359 2967 485 3034 οὔποτε.
531 2976 597 3035 Non
625 2977 767 3034 miramur
793 2980 956 3053 praeterea,
990 2977 1070 3053 quod
1098 2977 1214 3037 easdem
1239 2995 1324 3038 voces
1346 2995 1405 3036 uon

233 3063 334 3124 eodem
359 3065 447 3124 modo
470 3066 600 3143 metitur,
623 3065 675 3126 sed
697 3065 727 3123 in
747 3066 851 3124 eodem
874 3085 928 3142 ep,
952 3067 1024 3142 quin
1047 3067 1137 3124 etiem
1151 3066 1182 3124 in
1198 3067 1302 3126 eodem
1318 3085 1406 3127 versu

232 3173 319 3230 saepe
335 3153 430 3214 seriae
452 3173 604 3215 mensuras
626 3147 791 3231 usurpat4),
815 3173 943 3230 quarum
965 3154 1155 3214 notabiliores
1176 3173 1405 3215 commemorare

231 3243 332 3302 liceat:
355 3235 488 3323 δίζυφον
502 3244 553 3302 ΙΧ.
572 3245 644 3305 503.
666 3243 695 3301 in
720 3243 815 3320 primo
835 3263 924 3303 versu
944 3245 1033 3322 longa
1052 3253 1071 3302 ῦ
1092 3243 1200 3316 littera,
1223 3245 1254 3302 in
1278 3243 1404 3304 secundo

232 3332 323 3391 brevi.
368 3324 445 3412 ἀνὴρ
477 3334 512 3392 X.
537 3334 592 3403 48,
617 3334 645 3391 3.
677 3333 792 3390 iambus
819 3334 855 3392 X.
880 3335 935 3410 52,
959 3336 988 3394 2.
1021 3332 1169 3409 spondeus
1201 3337 1253 3392 est.
1303 3325 1406 3413 Ἀΐδης

232 3439 347 3495 semper
370 3421 504 3479 dissolvit
526 3424 615 3496 poete
638 3420 719 3481 brevi
744 3421 857 3497 syllaba
879 3422 983 3497 prime.
1026 3421 1110 3480 Unus
1133 3421 1201 3479 vn.
1227 3422 1300 3481 686.
1324 3435 1351 3481 v.
1377 3423 1404 3481 3.

233 3508 391 3583 excipitur:
430 3501 529 3584 δόμον
559 3501 663 3578 Ἀΐόος
694 3502 782 3584 εἴσω,
820 3529 909 3586 quam
942 3510 979 3570 ob
1012 3528 1074 3568 rem
1105 3510 1168 3569 veri
1201 3513 1247 3570 est
1279 3510 1405 3570 similius

233 3616 299 3656 cum
333 3597 377 3655 Pl.
411 3600 441 3655 et
472 3597 503 3655 P.
536 3597 644 3674 (altero
667 3597 745 3675 loco)
776 3598 963 3658 scribendum
997 3617 1059 3659 essa
1091 3592 1190 3675 δόμον
1217 3592 1262 3670 εἰς
1290 3591 1404 3658 Ἀΐδαο.

232 3686 330 3745 Semel
353 3687 470 3744 tentum
493 3686 565 3745 haec
587 3705 644 3745 vox
667 3690 817 3747 contracte
838 3687 989 3748 invenitur
1004 3689 1038 3746 X.
1057 3689 1108 3768 88,
1127 3689 1163 3764 1.,
1187 3689 1267 3765 quod
1284 3708 1329 3764 ep.
1345 3688 1405 3746 iam

232 3775 296 3834 aliis
320 3774 476 3835 decausis
501 3775 695 3852 suspiciosum
719 3771 878 3854 videtur⁶),
902 3774 939 3838 cf.
963 3797 991 3853 p.
1016 3781 1044 3838 9.

320 3865 478 3924 Praeterea
501 3865 571 3924 satis
587 3865 717 3925 multum
733 3865 898 3926 offensionis
921 3867 1046 3942 praebat
1061 3884 1197 3925 mensura
1212 3865 1293 3925 vocis
1308 3863 1404 3943 μορία

321 4071 342 4142 ¹)
360 4072 505 4155 Meleagro
524 4072 560 4127 de
579 4072 701 4156 quara.
733 4073 820 4156 Paris·
834 4073 910 4128 1894.
930 4091 957 4143 p.
971 4072 1032 4126 211.
1051 4071 1126 4126 Adn.
1142 4071 1165 4127 1.

321 4141 342 4212 ¹)
362 4142 529 4209 Quaestron.
550 4143 719 4198 Callimach.
738 4149 847 4226 metuo.
867 4145 958 4197 Bonn.
970 4143 1056 4228 ‘1884
1076 4161 1103 4214 p.
1117 4143 1160 4199 24.
1173 4161 1234 4213 sqq.

233 4291 262 4340 a
279 4213 1025 4357 sriieiiiillimfbssiltiiiii¹¹3g¹isii¹¹dl¹⁰¹¹·
1044 4215 1071 4270 ‘¹‘
1090 4215 1118 4271 ‘¹'
1144 4215 1203 4270 ¹⁰⁹·
1227 4232 1254 4285 Ρ·
1268 4214 1329 4271 ²⁴⁰·
1343 4231 1404 4284 „„

321 4359 331 4390 ¹
361 4359 406 4412 De
424 4357 512 4413 variis
530 4358 671 4413 mensuris
690 4330 821 4412 eiusdem
841 4357 921 4412 vocis
944 4363 1064 4427 egerunt
1082 4356 1222 4412 Ludwich
1241 4356 1404 4412 Aristarchs

232 4425 308 4552 11Ιὲνᾷιό
321 4359 447 4554 4015t5k5r,
462 4429 566 4500 Ouvrt,
580 4429 715 4500 Mtldagn
734 4429 828 4500 pale.
848 4428 1062 4486 Stadtmueller.
1081 4429 1125 4484 Bl.
1140 4429 1159 4484 f.
1173 4428 1199 4484 d.
1213 4428 1292 4499 bayr.
1302 4428 1403 4498 Gymn.

321 4515 358 4638 q·
426 4541 431 4554 ·

361 4570 406 4624 De
426 4570 524 4626 eodem
545 4572 633 4628 verbo
655 4572 770 4628 disserit
788 4571 909 4642 Jacobs,
938 4572 1050 4628 observ.
1069 4572 1160 4629 critic.
1179 4590 1207 4642 p.
1220 4573 1264 4626 44.
1283 4569 1348 4626 adn.
1361 4569 1403 4625 20.

1153 4661 1191 4714 7*
