3372 5210
711 327 929 384 ..(17.-

426 522 494 562 cum
517 504 562 562 bis
585 523 651 579 epp.
674 504 851 581 coniungere
874 504 978 574 nolim,
1002 505 1081 580 quod
1105 505 1304 581 paederastica
1327 511 1405 576 sunt,

425 612 502 668 quae
525 593 642 654 omnino
665 594 751 669 plane
770 588 948 654 alienissima
970 595 1040 652 sunt
1062 593 1132 653 huic
1155 594 1296 670 syllegae.
1334 595 1405 654 Veri

425 681 549 740 similius
570 701 635 741 esse
657 682 775 740 videtur
798 683 869 742 haec
892 702 957 758 epp.
975 689 1010 744 ex
1033 683 1203 742 collectione
1226 683 1404 758 paederasti-

425 788 527 828 corum
550 789 616 846 epp.
639 770 748 830 inserte
770 789 840 830 esse.

323 858 379 918 Hic
401 859 609 919 intericiandao
633 865 703 918 sunt
726 863 869 934 quattuor
893 859 962 918 illae
986 861 1087 931 series,
1115 879 1189 936 quas
1213 881 1241 936 p.
1267 862 1318 921 63.
1345 861 1404 918 iam

226 947 366 1022 51151111,
399 967 526 1022 quarum
557 949 587 1006 in
619 949 708 1007 tertia
739 948 817 1006 inter
853 949 991 1008 Palladae
1015 947 1194 1024 Lucilliique
1222 969 1288 1025 epp.
1322 955 1406 1010 certo

222 1029 388 1096 'diiudicari
411 1055 469 1096 non
495 1055 582 1112 posse
605 1037 743 1096 vidimus.
790 1037 871 1097 Inest
897 1037 1026 1102 alterum
1050 1038 1249 1115 fragmentum
1273 1034 1406 1098 Timonis

232 1125 374 1200 sillornm,
397 1126 521 1184 fortasse
544 1145 580 1184 ex
602 1127 734 1202 Diogene
757 1121 876 1184 Laertio
899 1132 1054 1202 sumptum
1077 1147 1122 1203 ep.
1147 1121 1252 1204 2951)

233 1213 287 1289 14)
310 1214 361 1273 XI.
387 1216 571 1273 335—339.
594 1205 709 1295 ἄδηλα,
742 1235 776 1273 51
803 1211 912 1291 quibus
940 1216 1063 1277 fortasse
1092 1235 1137 1291 ep.
1163 1217 1236 1274 338.
1265 1217 1404 1276 huonon

383 1304 570 1362 referendum
585 1308 630 1362 est
652 1308 774 1380 propter·
796 1311 1014 1380 argumentum.
1053 1303 1147 1374 Quam
1172 1304 1209 1362 ob
1228 1325 1291 1362 rem
1307 1305 1404 1364 Stedt·

383 1393 526 1451 muellero
549 1397 710 1467 praeeunte
733 1394 751 1450 1.
775 1393 794 1452 l.
820 1392 951 1453 Stratoni
974 1392 1074 1468 potius
1097 1393 1289 1452 tribuendum
1312 1399 1365 1454 ost

385 1482 458 1540 340.
482 1486 513 1540 et
537 1483 610 1542 341.
634 1483 782 1541 Palladae.

385 1571 457 1630 342.
481 1562 593 1631 α’δέσπ.

384 1660 457 1720 343.
480 1659 606 1719 fortasse
629 1660 775 1718 Palladae.

384 1750 458 1808 344.
481 1751 511 1808 et
536 1751 608 1808 345.
632 1741 744 1808 α’ὁέσπ.
766 1748 805 1808 cf.
830 1769 858 1824 p.
883 1751 933 1807 22.

232 1835 284 1911 15)
308 1837 359 1895 XI.
384 1837 457 1896 355.
481 1838 626 1896 Palladae.

383 1927 456 1985 356.
480 1919 591 1986 dison.

383 2016 455 2074 357.
478 2015 627 2075 Palladae.

382 2105 568 2163 358—360.
592 2096 680 2176 ἄλλο,
703 2124 738 2163 ex
762 2104 869 2180 quibus
893 2124 938 2180 ep.
960 2105 1033 2165 359.
1058 2105 1320 2164 aStedtmuellero
1336 2106 1400 2176 Pal·

380 2193 465 2252 ladae
488 2194 544 2269 ipsi
566 2193 718 2263 tribuitur,
743 2194 778 2253 cf.
802 2214 831 2270 p.
856 2194 907 2251 23.

317 2280 411 2342 Series
434 2283 640 2342 consimillima
662 2283 752 2340 etiam
775 2283 804 2340 in
824 2283 889 2342 XV.
912 2282 989 2340 libro
1012 2282 1115 2354 exstat,
1139 2282 1224 2342 cuins
1247 2284 1401 2343 nonnullas

379 2375 479 2447 partes
501 2371 560 2429 iam
575 2372 752 2430 notavimus.
789 2373 863 2430 Post
878 2392 922 2447 ep.
938 2371 1003 2431 XV.
1021 2371 1071 2432 17.
1095 2371 1172 2430 enim
1192 2372 1302 2432 inserta
1321 2376 1400 2432 sunt:
1496 2449 1498 2454 ¹

231 2457 285 2535 16)
301 2459 464 2534 (17.⁸=1.
495 2462 566 2518 122.
594 2461 674 2536 qnod
701 2461 780 2520 band
813 2461 901 2518 dubie
931 2479 989 2519 non
1022 2464 1067 2520 est
1098 2464 1214 2520 nostrae
1247 2460 1400 2538 syllegae).

383 2545 449 2608 11¹³
461 2555 502 2599 ἐ
514 2549 564 2607 IX.
590 2551 662 2610 400.
679 2570 706 2609 1.
723 2550 751 2622 1.,
775 2550 826 2608 sed
849 2549 997 2609 Palladae.

384 2638 497 2696 17.⁰=
509 2639 560 2699 IX.
585 2639 657 2698 180.
674 2639 747 2713 1.1.,
770 2639 910 2698 eiusdem.

383 2727 432 2786 18.
456 2747 591 2804 anonym.

384 2817 433 2874 19.
457 2817 541 2876 cuius
564 2820 773 2892 argumentum
795 2816 932 2877 Pallados
955 2817 1120 2894 elegantius
1143 2817 1291 2888 tractavit.

383 2900 542 2964 192⁸=x
561 2906 612 2966 87.
636 2906 783 2965 Palladae.

383 2995 432 3053 20.
456 2985 535 3052 ἄλλο
558 2987 684 3071 ὁμοίως.

382 3085 496 3141 20.“ε
507 3086 543 3143 X.
560 3086 610 3142 95.
637 3084 782 3142 Palladae.

298 3161 440 3232 ¹Etiamsi
463 3174 591 3232 concedo
614 3192 673 3234 non
694 3174 801 3249 utique
824 3173 923 3231 omnia
945 3193 1010 3249 epp.
1035 3174 1140 3232 barum
1165 3172 1291 3232 sedecim
1315 3173 1398 3233 serie·

153 3311 156 3319 .
227 3278 303 3331 rum,
327 3281 400 3336 quas
424 3263 602 3333 enumeravi,
625 3263 657 3321 in
676 3263 839 3321 vetustiore
863 3253 979 3338 sylloge
1002 3263 1157 3321 coniuncta
1180 3262 1280 3335 fnisse,
1305 3263 1399 3337 prius-

227 3367 316 3424 quam
339 3350 370 3408 in
386 3351 465 3410 antb.
489 3352 624 3409 Palatina
646 3353 689 3410 ita
704 3357 845 3428 congesta
868 3351 935 3425 sint,
958 3354 995 3408 ut
1018 3370 1096 3409 nuno
1119 3355 1234 3409 servata
1256 3355 1398 3421 tenemus
1463 3389 1465 3393 ,

227 3457 294 3496 cum
322 3458 380 3497 non
412 3440 509 3498 solum
535 3441 571 3498 de
599 3459 665 3515 epp.
694 3441 846 3515 anonymis
877 3439 952 3498 certi
984 3439 1146 3515 quidquam
1179 3443 1308 3497 statuere
1340 3457 1399 3498 non
1498 3519 1502 3527 ἡ

226 3527 383 3602 possimne,
409 3529 459 3587 sed
484 3529 571 3587 etiam
596 3530 724 3586 multum
748 3529 870 3586 arbitrio
894 3528 994 3586 ultimi
1017 3527 1218 3603 compilatoris
1242 3528 1398 3587 conceden-

226 3616 298 3674 dum
321 3617 369 3688 sit,
392 3621 491 3675 tamen
514 3619 539 3677 si
555 3618 784 3689 consideraveris
804 3617 869 3676 fieri
893 3635 986 3692 posse,
1008 3621 1044 3675 ut
1066 3617 1162 3675 multa
1177 3637 1244 3692 epp.
1259 3617 1399 3676 Palladae

225 3704 309 3764 nobis
332 3711 448 3764 servata
471 3707 638 3764 nominibus
662 3707 791 3766 auctoris
807 3706 921 3764 amissis
945 3697 1047 3786 11111151
1067 3706 1176 3764 tradita
1196 3708 1256 3766 sint
1270 3739 1315 3748 —
1330 3726 1398 3764 nam

226 3793 323 3852 omnia
339 3813 405 3870 epp.
428 3785 538 3874 1111115,
563 3815 639 3871 quae
655 3795 793 3853 Palladae
817 3813 879 3853 5115
895 3795 951 3854 1111
976 3795 1056 3854 docti
1080 3795 1275 3864 coniecerunt,
1300 3795 1398 3853 bisin

225 3881 355 3940 seriebus
379 3884 570 3943 inveniuntur
593 3883 641 3961 (of.
666 3903 689 3942 e.
713 3905 741 3960 g.
766 3904 832 3958 epp.
848 3884 899 3942 Xl.
917 3885 967 3941 56.
993 3885 1066 3941 261.
1092 3883 1177 3955 359.)
1201 3917 1245 3924 -
1268 3883 1293 3942 si
1315 3902 1397 3957 prae·

224 3975 305 4028 terea
335 3973 497 4047 respexeris
521 3971 682 4048 Cephalam
711 3973 758 4031 vel
787 3992 867 4042 eum,
901 3971 953 4047 qui
983 3972 1075 4030 libros
1102 3971 1235 4029 V.-XI.
1262 3965 1397 4047 collegit,

225 4059 319 4118 fontes
352 4079 420 4120 suos
455 4061 609 4120 continuos
642 4062 809 4134 exhaurire,
841 4079 899 4120 non
932 4062 1076 4118 alternare
1110 4060 1232 4119 solitum
1264 4077 1339 4133 esse,
1372 4058 1398 4117 si

224 4153 373 4223 postremo
401 4150 543 4208 rationem
573 4150 712 4208 habueris
739 4150 839 4226 magni
862 4149 977 4207 numeri
1001 4149 1152 4218 seriernm,
1176 4167 1249 4225 ques
1273 4147 1397 4206 contuli·

223 4256 302 4307 mus,
328 4239 390 4296 fore
419 4257 517 4314 spero,
548 4244 582 4296 ut
609 4239 704 4298 facere
733 4256 790 4297 non
819 4239 915 4313 possis
943 4238 1016 4314 quin
1044 4237 1170 4296 conicias
1198 4237 1408 4297 hasseries,

313 4428 333 4497 1)
353 4427 617 4483 1111111511111111111.2
636 4428 701 4497 frgt.
722 4428 763 4482 29.
785 4446 812 4497 p.
827 4428 886 4481 127.

1148 4517 1184 4570 5*
