<?xml version="1.0" encoding="UTF-8"?>
<!DOCTYPE html PUBLIC "-//W3C//DTD XHTML 1.0 Transitional//EN"
    "http://www.w3.org/TR/xhtml1/DTD/xhtml1-transitional.dtd">
<html xmlns="http://www.w3.org/1999/xhtml" xml:lang="en" lang="en">
 <head>
  <title>
</title>
<meta http-equiv="Content-Type" content="text/html;charset=utf-8" />
  <meta name='ocr-system' content='tesseract 3.04.00' />
  <meta name='ocr-capabilities' content='ocr_page ocr_carea ocr_par ocr_line ocrx_word'/>
</head>
<body>
  <div class='ocr_page' id='page_1' title='image "./depalladaepigra00frangoog_0016.png"; bbox 0 0 3372 5210; ppageno 0'>
   <div class='ocr_carea' id='block_1_1' title="bbox 692 346 914 404">
    <p class='ocr_par' dir='ltr' id='par_1_1' title="bbox 692 346 914 404">
     <span class='ocr_line' id='line_1_1' title="bbox 692 346 914 404; baseline -0.005 -17"><span class='ocrx_word' id='word_1_1' title='bbox 692 346 914 404; x_wconf 67' lang='lat'>„11-</span> 
     </span>
    </p>
   </div>
   <div class='ocr_carea' id='block_1_2' title="bbox 216 519 1444 2198">
    <p class='ocr_par' dir='ltr' id='par_1_2' title="bbox 216 519 1444 1488">
     <span class='ocr_line' id='line_1_2' title="bbox 217 519 1444 598; baseline -0.004 -14"><span class='ocrx_word' id='word_1_2' title='bbox 217 529 311 584; x_wconf 89' lang='lat' dir='ltr'>torem</span> <span class='ocrx_word' id='word_1_3' title='bbox 345 544 413 584; x_wconf 86' lang='lat' dir='ltr'>arae</span> <span class='ocrx_word' id='word_1_4' title='bbox 441 521 595 584; x_wconf 80' lang='lat' dir='ltr'><strong>Musarum</strong></span> <span class='ocrx_word' id='word_1_5' title='bbox 630 543 692 583; x_wconf 88' lang='lat' dir='ltr'>esse</span> <span class='ocrx_word' id='word_1_6' title='bbox 725 526 835 594; x_wconf 85' lang='lat' dir='ltr'>censet,</span> <span class='ocrx_word' id='word_1_7' title='bbox 868 524 916 583; x_wconf 92' lang='lat' dir='ltr'>cui</span> <span class='ocrx_word' id='word_1_8' title='bbox 947 523 1117 598; x_wconf 86' lang='lat' dir='ltr'><strong>nuperrime</strong></span> <span class='ocrx_word' id='word_1_9' title='bbox 1145 521 1266 582; x_wconf 87' lang='lat' dir='ltr'>Knaack</span> <span class='ocrx_word' id='word_1_10' title='bbox 1298 540 1392 580; x_wconf 89' lang='lat' dir='ltr'>assen·</span> <span class='ocrx_word' id='word_1_11' title='bbox 1438 519 1444 529; x_wconf 82' lang='grc'><strong>’</strong></span> 
     </span>
     <span class='ocr_line' id='line_1_3' title="bbox 217 608 1392 691; baseline -0.003 -19"><span class='ocrx_word' id='word_1_12' title='bbox 217 608 334 689; x_wconf 88' lang='lat' dir='ltr'>titur.¹)</span> <span class='ocrx_word' id='word_1_13' title='bbox 381 613 412 670; x_wconf 85' lang='lat' dir='ltr'>Si</span> <span class='ocrx_word' id='word_1_14' title='bbox 437 613 596 672; x_wconf 79' lang='lat' dir='ltr'>conicimus</span> <span class='ocrx_word' id='word_1_15' title='bbox 619 614 727 670; x_wconf 89' lang='lat' dir='ltr'>lemma</span> <span class='ocrx_word' id='word_1_16' title='bbox 755 632 799 688; x_wconf 89' lang='lat' dir='ltr'>ep.</span> <span class='ocrx_word' id='word_1_17' title='bbox 826 613 887 671; x_wconf 87' lang='lat'>118</span> <span class='ocrx_word' id='word_1_18' title='bbox 911 610 1104 691; x_wconf 82' lang='grc' dir='ltr'><em>Βησαντίνου</em></span> <span class='ocrx_word' id='word_1_19' title='bbox 1131 612 1204 670; x_wconf 90' lang='lat' dir='ltr'>item</span> <span class='ocrx_word' id='word_1_20' title='bbox 1228 609 1392 687; x_wconf 82' lang='lat' dir='ltr'>significare</span> 
     </span>
     <span class='ocr_line' id='line_1_4' title="bbox 217 700 1393 777; baseline -0.002 -17"><span class='ocrx_word' id='word_1_21' title='bbox 217 722 325 760; x_wconf 92' lang='lat' dir='ltr'>nomen</span> <span class='ocrx_word' id='word_1_22' title='bbox 349 702 541 777; x_wconf 86' lang='lat' dir='ltr'>gentilicium,</span> <span class='ocrx_word' id='word_1_23' title='bbox 565 720 670 762; x_wconf 85' lang='lat' dir='ltr'>nomen</span> <span class='ocrx_word' id='word_1_24' title='bbox 693 702 848 776; x_wconf 90' lang='lat' dir='ltr'>proprium</span> <span class='ocrx_word' id='word_1_25' title='bbox 872 701 1012 761; x_wconf 89' lang='lat' dir='ltr'>omissum</span> <span class='ocrx_word' id='word_1_26' title='bbox 1036 720 1097 760; x_wconf 89' lang='lat' dir='ltr'>esse</span> <span class='ocrx_word' id='word_1_27' title='bbox 1121 701 1177 760; x_wconf 89' lang='lat' dir='ltr'>hoc</span> <span class='ocrx_word' id='word_1_28' title='bbox 1192 719 1312 776; x_wconf 91' lang='lat' dir='ltr'>quoque</span> <span class='ocrx_word' id='word_1_29' title='bbox 1327 700 1393 758; x_wconf 89' lang='lat' dir='ltr'>loeo</span> 
     </span>
     <span class='ocr_line' id='line_1_5' title="bbox 218 787 1392 867; baseline -0.003 -18"><span class='ocrx_word' id='word_1_30' title='bbox 218 791 305 850; x_wconf 91' lang='lat' dir='ltr'>nobis</span> <span class='ocrx_word' id='word_1_31' title='bbox 321 790 489 866; x_wconf 91' lang='lat' dir='ltr'>putandum</span> <span class='ocrx_word' id='word_1_32' title='bbox 506 794 560 867; x_wconf 92' lang='lat' dir='ltr'>est,</span> <span class='ocrx_word' id='word_1_33' title='bbox 583 791 671 849; x_wconf 87' lang='lat' dir='ltr'>sicuti</span> <span class='ocrx_word' id='word_1_34' title='bbox 685 790 843 848; x_wconf 88' lang='lat' dir='ltr'>Haeberlin</span> <span class='ocrx_word' id='word_1_35' title='bbox 867 790 903 848; x_wconf 92' lang='lat' dir='ltr'>de</span> <span class='ocrx_word' id='word_1_36' title='bbox 925 791 990 850; x_wconf 92' lang='lat' dir='ltr'>loco</span> <span class='ocrx_word' id='word_1_37' title='bbox 1010 789 1118 849; x_wconf 90' lang='lat' dir='ltr'>codicis</span> <span class='ocrx_word' id='word_1_38' title='bbox 1142 809 1158 848; x_wconf 96' lang='lat' dir='ltr'>o</span> <span class='ocrx_word' id='word_1_39' title='bbox 1182 791 1289 860; x_wconf 87' lang='lat' dir='ltr'>censet,</span> <span class='ocrx_word' id='word_1_40' title='bbox 1312 787 1392 864; x_wconf 89' lang='lat' dir='ltr'>quod</span> 
     </span>
     <span class='ocr_line' id='line_1_6' title="bbox 219 874 1392 955; baseline -0.003 -17"><span class='ocrx_word' id='word_1_41' title='bbox 219 885 349 955; x_wconf 90' lang='lat' dir='ltr'>utroque</span> <span class='ocrx_word' id='word_1_42' title='bbox 372 880 447 952; x_wconf 89' lang='lat' dir='ltr'>loco,</span> <span class='ocrx_word' id='word_1_43' title='bbox 471 899 539 938; x_wconf 90' lang='lat' dir='ltr'>cum</span> <span class='ocrx_word' id='word_1_44' title='bbox 562 880 643 938; x_wconf 89' lang='lat' dir='ltr'>nulla</span> <span class='ocrx_word' id='word_1_45' title='bbox 666 899 698 937; x_wconf 89' lang='lat' dir='ltr'>re</span> <span class='ocrx_word' id='word_1_46' title='bbox 720 879 798 936; x_wconf 90' lang='lat' dir='ltr'>inter</span> <span class='ocrx_word' id='word_1_47' title='bbox 822 898 852 938; x_wconf 93' lang='lat' dir='ltr'>se</span> <span class='ocrx_word' id='word_1_48' title='bbox 875 879 1057 953; x_wconf 76' lang='lat' dir='ltr'>cohaereant,</span> <span class='ocrx_word' id='word_1_49' title='bbox 1081 874 1168 936; x_wconf 89' lang='lat' dir='ltr'>nimis</span> <span class='ocrx_word' id='word_1_50' title='bbox 1192 877 1283 936; x_wconf 89' lang='lat' dir='ltr'>habet</span> <span class='ocrx_word' id='word_1_51' title='bbox 1305 877 1392 935; x_wconf 82' lang='lat' dir='ltr'>offen·</span> 
     </span>
     <span class='ocr_line' id='line_1_7' title="bbox 219 964 1393 1043; baseline -0.006 -15"><span class='ocrx_word' id='word_1_52' title='bbox 219 968 322 1040; x_wconf 87' lang='lat' dir='ltr'>sionis,</span> <span class='ocrx_word' id='word_1_53' title='bbox 355 969 528 1043; x_wconf 88' lang='lat' dir='ltr'>praesertim</span> <span class='ocrx_word' id='word_1_54' title='bbox 559 987 625 1026; x_wconf 89' lang='lat' dir='ltr'>cum</span> <span class='ocrx_word' id='word_1_55' title='bbox 655 968 692 1026; x_wconf 89' lang='lat' dir='ltr'>ad</span> <span class='ocrx_word' id='word_1_56' title='bbox 724 969 787 1026; x_wconf 86' lang='lat' dir='ltr'>XV.</span> <span class='ocrx_word' id='word_1_57' title='bbox 813 968 853 1025; x_wconf 86' lang='lat'>27</span> <span class='ocrx_word' id='word_1_58' title='bbox 882 968 939 1026; x_wconf 85' lang='lat' dir='ltr'>iam</span> <span class='ocrx_word' id='word_1_59' title='bbox 968 967 1049 1025; x_wconf 91' lang='lat' dir='ltr'>aliud</span> <span class='ocrx_word' id='word_1_60' title='bbox 1076 985 1183 1025; x_wconf 90' lang='lat' dir='ltr'>nomen</span> <span class='ocrx_word' id='word_1_61' title='bbox 1210 964 1393 1042; x_wconf 88' lang='lat' dir='ltr'>gentilicium</span> 
     </span>
     <span class='ocr_line' id='line_1_8' title="bbox 217 1050 1393 1137; baseline -0.003 -23"><span class='ocrx_word' id='word_1_62' title='bbox 217 1050 347 1137; x_wconf 80' lang='grc' dir='ltr'>(ῥοόίου)</span> <span class='ocrx_word' id='word_1_63' title='bbox 372 1056 506 1115; x_wconf 88' lang='lat' dir='ltr'>additum</span> <span class='ocrx_word' id='word_1_64' title='bbox 531 1057 578 1116; x_wconf 92' lang='lat' dir='ltr'>sit.</span> <span class='ocrx_word' id='word_1_65' title='bbox 617 1056 699 1125; x_wconf 80' lang='lat' dir='ltr'>Quae</span> <span class='ocrx_word' id='word_1_66' title='bbox 723 1057 820 1115; x_wconf 87' lang='lat' dir='ltr'>omnia</span> <span class='ocrx_word' id='word_1_67' title='bbox 836 1057 860 1136; x_wconf 83' lang='lat' dir='ltr'>si</span> <span class='ocrx_word' id='word_1_68' title='bbox 876 1055 1167 1128; x_wconf 85' lang='lat' dir='ltr'>consideraverimus,</span> <span class='ocrx_word' id='word_1_69' title='bbox 1190 1054 1307 1115; x_wconf 87' lang='lat' dir='ltr'>facilius</span> <span class='ocrx_word' id='word_1_70' title='bbox 1323 1073 1393 1129; x_wconf 91' lang='lat' dir='ltr'>poe-</span> 
     </span>
     <span class='ocr_line' id='line_1_9' title="bbox 216 1138 1394 1221; baseline -0.003 -17"><span class='ocrx_word' id='word_1_71' title='bbox 216 1150 278 1204; x_wconf 89' lang='lat' dir='ltr'>tam</span> <span class='ocrx_word' id='word_1_72' title='bbox 293 1146 487 1205; x_wconf 87' lang='lat' dir='ltr'>Besantinum</span> <span class='ocrx_word' id='word_1_73' title='bbox 511 1145 655 1205; x_wconf 84' lang='lat' dir='ltr'>exst&#39;tisse</span> <span class='ocrx_word' id='word_1_74' title='bbox 679 1146 871 1205; x_wconf 80' lang='lat' dir='ltr'>concedemus</span> <span class='ocrx_word' id='word_1_75' title='bbox 895 1165 986 1221; x_wconf 88' lang='lat' dir='ltr'>quam</span> <span class='ocrx_word' id='word_1_76' title='bbox 1008 1138 1210 1220; x_wconf 72' lang='lat' dir='ltr'>Haeberlin.²)</span> <span class='ocrx_word' id='word_1_77' title='bbox 1248 1143 1325 1202; x_wconf 87' lang='lat' dir='ltr'>Utut</span> <span class='ocrx_word' id='word_1_78' title='bbox 1348 1161 1394 1200; x_wconf 90' lang='lat' dir='ltr'>res</span> 
     </span>
     <span class='ocr_line' id='line_1_10' title="bbox 217 1232 1393 1310; baseline -0.003 -18"><span class='ocrx_word' id='word_1_79' title='bbox 217 1235 373 1304; x_wconf 85' lang='lat' dir='ltr'>sehabet,</span> <span class='ocrx_word' id='word_1_80' title='bbox 405 1235 460 1292; x_wconf 90' lang='lat' dir='ltr'>hoc</span> <span class='ocrx_word' id='word_1_81' title='bbox 490 1234 610 1310; x_wconf 89' lang='lat' dir='ltr'>quidem</span> <span class='ocrx_word' id='word_1_82' title='bbox 638 1237 752 1294; x_wconf 92' lang='lat' dir='ltr'>certum</span> <span class='ocrx_word' id='word_1_83' title='bbox 775 1239 820 1293; x_wconf 87' lang='lat' dir='ltr'>est</span> <span class='ocrx_word' id='word_1_84' title='bbox 848 1254 901 1310; x_wconf 82' lang='lat' dir='ltr'>ep.</span> <span class='ocrx_word' id='word_1_85' title='bbox 917 1233 967 1294; x_wconf 89' lang='lat' dir='ltr'>IX.</span> <span class='ocrx_word' id='word_1_86' title='bbox 986 1234 1049 1293; x_wconf 89' lang='grc'>119</span> <span class='ocrx_word' id='word_1_87' title='bbox 1074 1232 1252 1292; x_wconf 78' lang='lat' dir='ltr'>membranis</span> <span class='ocrx_word' id='word_1_88' title='bbox 1276 1249 1393 1291; x_wconf 86' lang='lat' dir='ltr'>eonsen-</span> 
     </span>
     <span class='ocr_line' id='line_1_11' title="bbox 217 1320 1393 1398; baseline -0.003 -17"><span class='ocrx_word' id='word_1_89' title='bbox 217 1322 359 1382; x_wconf 88' lang='lat' dir='ltr'>tientibus</span> <span class='ocrx_word' id='word_1_90' title='bbox 387 1322 531 1381; x_wconf 82' lang='lat' dir='ltr'>Palladae.</span> <span class='ocrx_word' id='word_1_91' title='bbox 558 1341 620 1382; x_wconf 91' lang='lat' dir='ltr'>esse</span> <span class='ocrx_word' id='word_1_92' title='bbox 652 1323 857 1398; x_wconf 89' lang='lat' dir='ltr'>tribuendum,</span> <span class='ocrx_word' id='word_1_93' title='bbox 890 1343 934 1398; x_wconf 91' lang='lat' dir='ltr'>ep.</span> <span class='ocrx_word' id='word_1_94' title='bbox 965 1323 1027 1381; x_wconf 87' lang='lat'>118</span> <span class='ocrx_word' id='word_1_95' title='bbox 1067 1341 1124 1381; x_wconf 91' lang='lat' dir='ltr'>non</span> <span class='ocrx_word' id='word_1_96' title='bbox 1156 1340 1219 1381; x_wconf 90' lang='lat' dir='ltr'>esse</span> <span class='ocrx_word' id='word_1_97' title='bbox 1247 1320 1393 1394; x_wconf 89' lang='lat' dir='ltr'>Palladae,</span> 
     </span>
     <span class='ocr_line' id='line_1_12' title="bbox 218 1410 892 1488; baseline 0 -18"><span class='ocrx_word' id='word_1_98' title='bbox 218 1410 269 1470; x_wconf 91' lang='lat' dir='ltr'>sed</span> <span class='ocrx_word' id='word_1_99' title='bbox 293 1431 327 1468; x_wconf 90' lang='lat' dir='ltr'>ex</span> <span class='ocrx_word' id='word_1_100' title='bbox 350 1411 504 1482; x_wconf 77' lang='lat' dir='ltr'>sententiis</span> <span class='ocrx_word' id='word_1_101' title='bbox 528 1411 723 1488; x_wconf 87' lang='lat' dir='ltr'>Theognideis</span> <span class='ocrx_word' id='word_1_102' title='bbox 748 1415 892 1487; x_wconf 89' lang='lat' dir='ltr'>ereptum.</span> 
     </span>
    </p>

    <p class='ocr_par' dir='ltr' id='par_1_3' title="bbox 217 1495 1395 2198">
     <span class='ocr_line' id='line_1_13' title="bbox 306 1495 1391 1574; baseline -0.004 -16"><span class='ocrx_word' id='word_1_103' title='bbox 306 1500 432 1558; x_wconf 89' lang='lat' dir='ltr'>Brevem</span> <span class='ocrx_word' id='word_1_104' title='bbox 448 1501 554 1559; x_wconf 87' lang='lat' dir='ltr'>seriem</span> <span class='ocrx_word' id='word_1_105' title='bbox 569 1500 620 1560; x_wconf 91' lang='lat' dir='ltr'>IX.</span> <span class='ocrx_word' id='word_1_106' title='bbox 637 1495 814 1562; x_wconf 82' lang='grc'><strong>377-379</strong></span> <span class='ocrx_word' id='word_1_107' title='bbox 838 1500 976 1559; x_wconf 87' lang='lat' dir='ltr'>Palladae</span> <span class='ocrx_word' id='word_1_108' title='bbox 1000 1519 1061 1560; x_wconf 91' lang='lat' dir='ltr'>esse</span> <span class='ocrx_word' id='word_1_109' title='bbox 1085 1500 1118 1558; x_wconf 92' lang='lat' dir='ltr'>P.</span> <span class='ocrx_word' id='word_1_110' title='bbox 1142 1498 1242 1571; x_wconf 79' lang='lat' dir='ltr'>tradit,</span> <span class='ocrx_word' id='word_1_111' title='bbox 1267 1517 1312 1574; x_wconf 89' lang='lat' dir='ltr'>ep.</span> <span class='ocrx_word' id='word_1_112' title='bbox 1330 1498 1391 1556; x_wconf 88' lang='grc'>377</span> 
     </span>
     <span class='ocr_line' id='line_1_14' title="bbox 218 1579 1395 1674; baseline -0.004 -26"><span class='ocrx_word' id='word_1_113' title='bbox 218 1589 263 1648; x_wconf 93' lang='lat' dir='ltr'>Pl.</span> <span class='ocrx_word' id='word_1_114' title='bbox 284 1584 338 1644; x_wconf 79' lang='lat' dir='ltr'>Hb</span> <span class='ocrx_word' id='word_1_115' title='bbox 359 1579 421 1647; x_wconf 64' lang='grc' dir='ltr'>80ἰΓ</span> <span class='ocrx_word' id='word_1_116' title='bbox 442 1609 471 1647; x_wconf 89' lang='grc'>0.</span> <span class='ocrx_word' id='word_1_117' title='bbox 493 1590 512 1646; x_wconf 92' lang='lat' dir='ltr'>l.</span> <span class='ocrx_word' id='word_1_118' title='bbox 560 1589 618 1648; x_wconf 87' lang='lat' dir='ltr'>Sed</span> <span class='ocrx_word' id='word_1_119' title='bbox 645 1607 715 1647; x_wconf 90' lang='lat' dir='ltr'>cum</span> <span class='ocrx_word' id='word_1_120' title='bbox 742 1589 878 1648; x_wconf 77' lang='lat' dir='ltr'>Pallados</span> <span class='ocrx_word' id='word_1_121' title='bbox 910 1589 1042 1647; x_wconf 89' lang='lat' dir='ltr'>eiusdem</span> <span class='ocrx_word' id='word_1_122' title='bbox 1075 1587 1189 1664; x_wconf 88' lang='lat' dir='ltr'>generis</span> <span class='ocrx_word' id='word_1_123' title='bbox 1218 1589 1395 1674; x_wconf 82' lang='lat' dir='ltr'>argumenta</span> 
     </span>
     <span class='ocr_line' id='line_1_15' title="bbox 220 1675 1392 1754; baseline -0.003 -17"><span class='ocrx_word' id='word_1_124' title='bbox 220 1677 338 1753; x_wconf 84' lang='lat' dir='ltr'>saepius</span> <span class='ocrx_word' id='word_1_125' title='bbox 361 1681 481 1748; x_wconf 83' lang='lat' dir='ltr'>tractet,</span> <span class='ocrx_word' id='word_1_126' title='bbox 514 1679 619 1754; x_wconf 87' lang='lat' dir='ltr'>procul</span> <span class='ocrx_word' id='word_1_127' title='bbox 648 1678 738 1735; x_wconf 93' lang='lat' dir='ltr'>dubio</span> <span class='ocrx_word' id='word_1_128' title='bbox 767 1677 905 1735; x_wconf 87' lang='lat' dir='ltr'>Palladae</span> <span class='ocrx_word' id='word_1_129' title='bbox 935 1681 987 1736; x_wconf 88' lang='lat' dir='ltr'>est.</span> <span class='ocrx_word' id='word_1_130' title='bbox 1033 1677 1077 1736; x_wconf 92' lang='lat' dir='ltr'>Pl.</span> <span class='ocrx_word' id='word_1_131' title='bbox 1106 1695 1174 1734; x_wconf 89' lang='lat' dir='ltr'>cum</span> <span class='ocrx_word' id='word_1_132' title='bbox 1197 1675 1234 1734; x_wconf 87' lang='lat' dir='ltr'>ad</span> <span class='ocrx_word' id='word_1_133' title='bbox 1259 1695 1304 1750; x_wconf 87' lang='lat' dir='ltr'>ep.</span> <span class='ocrx_word' id='word_1_134' title='bbox 1329 1675 1392 1734; x_wconf 85' lang='grc'>378</span> 
     </span>
     <span class='ocr_line' id='line_1_16' title="bbox 217 1755 1394 1844; baseline -0.001 -22"><span class='ocrx_word' id='word_1_135' title='bbox 217 1763 255 1822; x_wconf 69' lang='lat'>1⁸</span> <span class='ocrx_word' id='word_1_136' title='bbox 276 1767 315 1824; x_wconf 68' lang='grc' dir='ltr'>6π</span> <span class='ocrx_word' id='word_1_137' title='bbox 334 1769 365 1824; x_wconf 88' lang='lat' dir='ltr'>et</span> <span class='ocrx_word' id='word_1_138' title='bbox 388 1765 425 1823; x_wconf 88' lang='lat' dir='ltr'>ad</span> <span class='ocrx_word' id='word_1_139' title='bbox 449 1783 494 1840; x_wconf 93' lang='lat' dir='ltr'>ep.</span> <span class='ocrx_word' id='word_1_140' title='bbox 513 1767 575 1824; x_wconf 92' lang='grc'>379</span> <span class='ocrx_word' id='word_1_141' title='bbox 592 1762 631 1821; x_wconf 67' lang='lat' dir='ltr'>Ia</span> <span class='ocrx_word' id='word_1_142' title='bbox 652 1766 716 1824; x_wconf 71' lang='grc' dir='ltr'>17γ</span> <span class='ocrx_word' id='word_1_143' title='bbox 730 1766 876 1825; x_wconf 87' lang='lat' dir='ltr'>adscribat</span> <span class='ocrx_word' id='word_1_144' title='bbox 900 1755 1017 1844; x_wconf 74' lang='grc' dir='ltr'><em>ἄδηλον</em></span> <span class='ocrx_word' id='word_1_145' title='bbox 1039 1765 1082 1840; x_wconf 90' lang='lat' dir='ltr'>(in</span> <span class='ocrx_word' id='word_1_146' title='bbox 1105 1766 1137 1824; x_wconf 93' lang='lat' dir='ltr'>P.</span> <span class='ocrx_word' id='word_1_147' title='bbox 1163 1783 1281 1840; x_wconf 88' lang='lat' dir='ltr'>quoque</span> <span class='ocrx_word' id='word_1_148' title='bbox 1305 1782 1394 1821; x_wconf 86' lang='lat' dir='ltr'>manu</span> 
     </span>
     <span class='ocr_line' id='line_1_17' title="bbox 219 1845 1393 1933; baseline -0.001 -22"><span class='ocrx_word' id='word_1_149' title='bbox 219 1854 381 1912; x_wconf 85' lang='lat' dir='ltr'>recentiore</span> <span class='ocrx_word' id='word_1_150' title='bbox 406 1845 521 1933; x_wconf 75' lang='grc' dir='ltr'><em>ἄδηλον</em></span> <span class='ocrx_word' id='word_1_151' title='bbox 545 1854 680 1912; x_wconf 87' lang='lat' dir='ltr'>additum</span> <span class='ocrx_word' id='word_1_152' title='bbox 703 1849 773 1933; x_wconf 87' lang='lat' dir='ltr'>est),</span> <span class='ocrx_word' id='word_1_153' title='bbox 802 1858 881 1914; x_wconf 88' lang='lat' dir='ltr'>reete</span> <span class='ocrx_word' id='word_1_154' title='bbox 903 1855 976 1912; x_wconf 89' lang='lat' dir='ltr'>mihi</span> <span class='ocrx_word' id='word_1_155' title='bbox 1000 1853 1125 1913; x_wconf 87' lang='lat' dir='ltr'>scribere</span> <span class='ocrx_word' id='word_1_156' title='bbox 1150 1853 1281 1925; x_wconf 87' lang='lat' dir='ltr'>videtur,</span> <span class='ocrx_word' id='word_1_157' title='bbox 1310 1851 1393 1928; x_wconf 51' lang='lat' dir='ltr'>¹quod</span> 
     </span>
     <span class='ocr_line' id='line_1_18' title="bbox 219 1942 1393 2020; baseline -0.002 -20"><span class='ocrx_word' id='word_1_158' title='bbox 219 1962 264 2018; x_wconf 93' lang='lat' dir='ltr'>ep.</span> <span class='ocrx_word' id='word_1_159' title='bbox 290 1942 352 2000; x_wconf 87' lang='grc'>378</span> <span class='ocrx_word' id='word_1_160' title='bbox 386 1943 544 2018; x_wconf 82' lang='lat' dir='ltr'>praecipue</span> <span class='ocrx_word' id='word_1_161' title='bbox 576 1943 662 2002; x_wconf 85' lang='lat' dir='ltr'>valde</span> <span class='ocrx_word' id='word_1_162' title='bbox 690 1963 708 2001; x_wconf 88' lang='lat' dir='ltr'>a</span> <span class='ocrx_word' id='word_1_163' title='bbox 731 1943 868 2002; x_wconf 88' lang='lat' dir='ltr'>Palladae</span> <span class='ocrx_word' id='word_1_164' title='bbox 895 1943 1013 2020; x_wconf 90' lang='lat' dir='ltr'>ingenio</span> <span class='ocrx_word' id='word_1_165' title='bbox 1042 1943 1190 2001; x_wconf 84' lang='lat' dir='ltr'>abhorret.</span> <span class='ocrx_word' id='word_1_166' title='bbox 1236 1943 1393 2018; x_wconf 81' lang='lat' dir='ltr'>Repugnat</span> 
     </span>
     <span class='ocr_line' id='line_1_19' title="bbox 219 2030 1394 2108; baseline -0.003 -18"><span class='ocrx_word' id='word_1_167' title='bbox 219 2030 297 2090; x_wconf 93' lang='lat' dir='ltr'>enim</span> <span class='ocrx_word' id='word_1_168' title='bbox 320 2031 417 2090; x_wconf 85' lang='lat' dir='ltr'>forma</span> <span class='ocrx_word' id='word_1_169' title='bbox 439 2033 528 2090; x_wconf 91' lang='lat' dir='ltr'>huius</span> <span class='ocrx_word' id='word_1_170' title='bbox 552 2051 606 2108; x_wconf 79' lang='lat' dir='ltr'>ep,</span> <span class='ocrx_word' id='word_1_171' title='bbox 630 2052 705 2108; x_wconf 88' lang='lat' dir='ltr'>quae</span> <span class='ocrx_word' id='word_1_172' title='bbox 729 2036 774 2091; x_wconf 90' lang='lat' dir='ltr'>est</span> <span class='ocrx_word' id='word_1_173' title='bbox 797 2033 905 2108; x_wconf 81' lang='lat' dir='ltr'>elegiae</span> <span class='ocrx_word' id='word_1_174' title='bbox 929 2033 1086 2102; x_wconf 89' lang='lat' dir='ltr'>simillima,</span> <span class='ocrx_word' id='word_1_175' title='bbox 1110 2051 1176 2090; x_wconf 91' lang='lat' dir='ltr'>cum</span> <span class='ocrx_word' id='word_1_176' title='bbox 1201 2031 1340 2089; x_wconf 79' lang='lat' dir='ltr'>breuibus</span> <span class='ocrx_word' id='word_1_177' title='bbox 1363 2032 1394 2088; x_wconf 89' lang='lat' dir='ltr'>et</span> 
     </span>
     <span class='ocr_line' id='line_1_20' title="bbox 218 2119 1394 2198; baseline 0 -21"><span class='ocrx_word' id='word_1_178' title='bbox 218 2119 354 2178; x_wconf 88' lang='lat' dir='ltr'>rotundis</span> <span class='ocrx_word' id='word_1_179' title='bbox 378 2120 517 2178; x_wconf 84' lang='lat' dir='ltr'>Palladae</span> <span class='ocrx_word' id='word_1_180' title='bbox 541 2121 693 2180; x_wconf 89' lang='lat' dir='ltr'>sententiis</span> <span class='ocrx_word' id='word_1_181' title='bbox 718 2125 747 2180; x_wconf 92' lang='lat' dir='ltr'>et</span> <span class='ocrx_word' id='word_1_182' title='bbox 771 2121 902 2198; x_wconf 89' lang='lat' dir='ltr'>cogitare</span> <span class='ocrx_word' id='word_1_183' title='bbox 929 2121 1013 2178; x_wconf 89' lang='lat' dir='ltr'>iubet</span> <span class='ocrx_word' id='word_1_184' title='bbox 1041 2120 1077 2178; x_wconf 92' lang='lat' dir='ltr'>de</span> <span class='ocrx_word' id='word_1_185' title='bbox 1100 2119 1229 2196; x_wconf 83' lang='lat' dir='ltr'>Agathia</span> <span class='ocrx_word' id='word_1_186' title='bbox 1257 2122 1309 2177; x_wconf 88' lang='lat' dir='ltr'>aut</span> <span class='ocrx_word' id='word_1_187' title='bbox 1336 2119 1394 2177; x_wconf 86' lang='lat' dir='ltr'>alio</span> 
     </span>
    </p>
   </div>
   <div class='ocr_carea' id='block_1_3' title="bbox 217 2207 1393 2356">
    <p class='ocr_par' dir='ltr' id='par_1_4' title="bbox 217 2207 1393 2356">
     <span class='ocr_line' id='line_1_21' title="bbox 217 2207 1393 2355; baseline -0.001 -87"><span class='ocrx_word' id='word_1_188' title='bbox 217 2208 414 2355; x_wconf 60' lang='lat' dir='ltr'>pycllidpoeta.</span> <span class='ocrx_word' id='word_1_189' title='bbox 455 2209 519 2278; x_wconf 83' lang='lat' dir='ltr'>Qua</span> <span class='ocrx_word' id='word_1_190' title='bbox 542 2229 629 2268; x_wconf 86' lang='lat' dir='ltr'>eausa</span> <span class='ocrx_word' id='word_1_191' title='bbox 653 2214 818 2268; x_wconf 89' lang='lat' dir='ltr'>commotus</span> <span class='ocrx_word' id='word_1_192' title='bbox 834 2210 948 2286; x_wconf 86' lang='lat' dir='ltr'>haereo,</span> <span class='ocrx_word' id='word_1_193' title='bbox 971 2229 1042 2267; x_wconf 89' lang='lat' dir='ltr'>num</span> <span class='ocrx_word' id='word_1_194' title='bbox 1067 2209 1126 2268; x_wconf 88' lang='lat' dir='ltr'>sint</span> <span class='ocrx_word' id='word_1_195' title='bbox 1148 2207 1220 2266; x_wconf 90' lang='lat' dir='ltr'>haec</span> <span class='ocrx_word' id='word_1_196' title='bbox 1244 2207 1303 2266; x_wconf 94' lang='lat' dir='ltr'>duo</span> <span class='ocrx_word' id='word_1_197' title='bbox 1327 2226 1393 2302; x_wconf 91' lang='lat' dir='ltr'>epp.</span> 
     </span>
     <span class='ocr_line' id='line_1_22' title="bbox 244 2299 1006 2356; baseline -0.001 -2"><span class='ocrx_word' id='word_1_198' title='bbox 244 2299 300 2354; x_wconf 88' lang='lat' dir='ltr'>ala</span> <span class='ocrx_word' id='word_1_199' title='bbox 321 2317 364 2356; x_wconf 91' lang='lat' dir='ltr'>ae.</span> <span class='ocrx_word' id='word_1_200' title='bbox 463 2328 465 2332; x_wconf 95' lang='lat'>·</span> <span class='ocrx_word' id='word_1_201' title='bbox 853 2304 855 2308; x_wconf 80' lang='grc'>’</span> <span class='ocrx_word' id='word_1_202' title='bbox 1004 2305 1006 2310; x_wconf 80' lang='grc'>’</span> 
     </span>
    </p>
   </div>
   <div class='ocr_carea' id='block_1_4' title="bbox 219 2380 1453 4148">
    <p class='ocr_par' dir='ltr' id='par_1_5' title="bbox 219 2380 1394 2905">
     <span class='ocr_line' id='line_1_23' title="bbox 307 2380 1393 2462; baseline 0.003 -20"><span class='ocrx_word' id='word_1_203' title='bbox 307 2381 455 2460; x_wconf 87' lang='lat' dir='ltr'>Impedita</span> <span class='ocrx_word' id='word_1_204' title='bbox 471 2389 501 2444; x_wconf 89' lang='lat' dir='ltr'>et</span> <span class='ocrx_word' id='word_1_205' title='bbox 516 2383 690 2461; x_wconf 84' lang='lat' dir='ltr'>perturbata</span> <span class='ocrx_word' id='word_1_206' title='bbox 706 2390 782 2458; x_wconf 89' lang='lat' dir='ltr'>sunt,</span> <span class='ocrx_word' id='word_1_207' title='bbox 800 2406 875 2462; x_wconf 89' lang='lat' dir='ltr'>quae</span> <span class='ocrx_word' id='word_1_208' title='bbox 891 2387 1004 2455; x_wconf 84' lang='lat' dir='ltr'>codices</span> <span class='ocrx_word' id='word_1_209' title='bbox 1020 2387 1056 2444; x_wconf 90' lang='lat' dir='ltr'>de</span> <span class='ocrx_word' id='word_1_210' title='bbox 1073 2406 1138 2462; x_wconf 91' lang='lat' dir='ltr'>epp.</span> <span class='ocrx_word' id='word_1_211' title='bbox 1154 2386 1205 2444; x_wconf 91' lang='lat' dir='ltr'>IX.</span> <span class='ocrx_word' id='word_1_212' title='bbox 1215 2380 1393 2447; x_wconf 81' lang='grc'>399-401</span> 
     </span>
     <span class='ocr_line' id='line_1_24' title="bbox 219 2473 1393 2552; baseline 0.002 -22"><span class='ocrx_word' id='word_1_213' title='bbox 219 2473 357 2548; x_wconf 91' lang='lat' dir='ltr'>produnt.</span> <span class='ocrx_word' id='word_1_214' title='bbox 414 2475 519 2533; x_wconf 79' lang='lat' dir='ltr'>Exstat</span> <span class='ocrx_word' id='word_1_215' title='bbox 546 2475 618 2534; x_wconf 88' lang='lat' dir='ltr'>haec</span> <span class='ocrx_word' id='word_1_216' title='bbox 651 2475 740 2535; x_wconf 89' lang='lat' dir='ltr'>series</span> <span class='ocrx_word' id='word_1_217' title='bbox 766 2477 797 2533; x_wconf 90' lang='lat' dir='ltr'>in</span> <span class='ocrx_word' id='word_1_218' title='bbox 829 2481 913 2552; x_wconf 90' lang='lat' dir='ltr'>parte</span> <span class='ocrx_word' id='word_1_219' title='bbox 946 2476 1053 2535; x_wconf 88' lang='lat' dir='ltr'>codicis</span> <span class='ocrx_word' id='word_1_220' title='bbox 1087 2476 1132 2548; x_wconf 90' lang='lat' dir='ltr'>P.,</span> <span class='ocrx_word' id='word_1_221' title='bbox 1165 2493 1241 2550; x_wconf 91' lang='lat' dir='ltr'>quae</span> <span class='ocrx_word' id='word_1_222' title='bbox 1276 2473 1393 2533; x_wconf 92' lang='lat' dir='ltr'>omnino</span> 
     </span>
     <span class='ocr_line' id='line_1_25' title="bbox 219 2561 1391 2642; baseline 0 -23"><span class='ocrx_word' id='word_1_223' title='bbox 219 2561 328 2620; x_wconf 88' lang='lat' dir='ltr'>multas</span> <span class='ocrx_word' id='word_1_224' title='bbox 356 2562 479 2638; x_wconf 90' lang='lat' dir='ltr'>praebet</span> <span class='ocrx_word' id='word_1_225' title='bbox 511 2563 702 2623; x_wconf 87' lang='lat' dir='ltr'>difficultates</span> <span class='ocrx_word' id='word_1_226' title='bbox 734 2585 839 2624; x_wconf 88' lang='lat' dir='ltr'>manus</span> <span class='ocrx_word' id='word_1_227' title='bbox 872 2565 1130 2642; x_wconf 81' lang='lat' dir='ltr'>distinguentibus.</span> <span class='ocrx_word' id='word_1_228' title='bbox 1187 2564 1261 2621; x_wconf 86' lang='lat' dir='ltr'>Rem</span> <span class='ocrx_word' id='word_1_229' title='bbox 1294 2562 1391 2621; x_wconf 87' lang='lat' dir='ltr'>Stadt-</span> 
     </span>
     <span class='ocr_line' id='line_1_26' title="bbox 219 2651 1394 2729; baseline -0.001 -21"><span class='ocrx_word' id='word_1_230' title='bbox 219 2651 343 2709; x_wconf 90' lang='lat' dir='ltr'>mueller</span> <span class='ocrx_word' id='word_1_231' title='bbox 365 2651 438 2709; x_wconf 89' lang='lat' dir='ltr'>mihi</span> <span class='ocrx_word' id='word_1_232' title='bbox 462 2653 503 2711; x_wconf 91' lang='lat' dir='ltr'>sic</span> <span class='ocrx_word' id='word_1_233' title='bbox 527 2654 673 2729; x_wconf 86' lang='lat' dir='ltr'>exposuit:</span> <span class='ocrx_word' id='word_1_234' title='bbox 701 2651 745 2710; x_wconf 88' lang='lat' dir='ltr'>A*</span> <span class='ocrx_word' id='word_1_235' title='bbox 768 2654 903 2726; x_wconf 87' lang='lat' dir='ltr'>scribam,</span> <span class='ocrx_word' id='word_1_236' title='bbox 927 2655 979 2729; x_wconf 92' lang='lat' dir='ltr'>qui</span> <span class='ocrx_word' id='word_1_237' title='bbox 1001 2657 1155 2729; x_wconf 82' lang='lat' dir='ltr'>praeterea</span> <span class='ocrx_word' id='word_1_238' title='bbox 1178 2653 1208 2709; x_wconf 91' lang='lat' dir='ltr'>in</span> <span class='ocrx_word' id='word_1_239' title='bbox 1231 2651 1287 2709; x_wconf 88' lang='lat' dir='ltr'>hac</span> <span class='ocrx_word' id='word_1_240' title='bbox 1309 2654 1394 2726; x_wconf 89' lang='lat' dir='ltr'>parte</span> 
     </span>
     <span class='ocr_line' id='line_1_27' title="bbox 219 2738 1393 2817; baseline -0.002 -20"><span class='ocrx_word' id='word_1_241' title='bbox 219 2738 255 2797; x_wconf 88' lang='lat' dir='ltr'>ab</span> <span class='ocrx_word' id='word_1_242' title='bbox 272 2740 291 2798; x_wconf 88' lang='lat' dir='ltr'><strong>J</strong></span> <span class='ocrx_word' id='word_1_243' title='bbox 315 2740 412 2798; x_wconf 87' lang='lat' dir='ltr'>scriba</span> <span class='ocrx_word' id='word_1_244' title='bbox 434 2742 545 2816; x_wconf 87' lang='lat' dir='ltr'>scripta</span> <span class='ocrx_word' id='word_1_245' title='bbox 560 2741 601 2817; x_wconf 87' lang='lat' dir='ltr'>(p.</span> <span class='ocrx_word' id='word_1_246' title='bbox 619 2743 794 2800; x_wconf 81' lang='lat'>421-452</span> <span class='ocrx_word' id='word_1_247' title='bbox 813 2769 854 2792; x_wconf 94' lang='lat'><strong><em>=</em></strong></span> <span class='ocrx_word' id='word_1_248' title='bbox 872 2763 937 2817; x_wconf 90' lang='lat' dir='ltr'>epp.</span> <span class='ocrx_word' id='word_1_249' title='bbox 952 2741 1003 2800; x_wconf 93' lang='lat' dir='ltr'>IX.</span> <span class='ocrx_word' id='word_1_250' title='bbox 1022 2739 1183 2800; x_wconf 87' lang='grc' dir='ltr'><strong>377-ΙΧ.</strong></span> <span class='ocrx_word' id='word_1_251' title='bbox 1201 2738 1277 2816; x_wconf 86' lang='grc'><strong>563)</strong></span> <span class='ocrx_word' id='word_1_252' title='bbox 1301 2739 1393 2796; x_wconf 90' lang='lat' dir='ltr'>inter·</span> 
     </span>
     <span class='ocr_line' id='line_1_28' title="bbox 219 2827 1121 2905; baseline 0.002 -21"><span class='ocrx_word' id='word_1_253' title='bbox 219 2827 358 2901; x_wconf 87' lang='lat' dir='ltr'>noscitur,</span> <span class='ocrx_word' id='word_1_254' title='bbox 381 2828 437 2886; x_wconf 87' lang='lat' dir='ltr'>hoc</span> <span class='ocrx_word' id='word_1_255' title='bbox 460 2829 548 2887; x_wconf 91' lang='lat' dir='ltr'>modo</span> <span class='ocrx_word' id='word_1_256' title='bbox 572 2829 735 2905; x_wconf 87' lang='lat' dir='ltr'>scripsisse:</span> <span class='ocrx_word' id='word_1_257' title='bbox 846 2865 848 2871; x_wconf 84' lang='lat'><em>·</em></span> <span class='ocrx_word' id='word_1_258' title='bbox 1120 2881 1121 2886; x_wconf 73' lang='grc'>,</span> 
     </span>
    </p>

    <p class='ocr_par' dir='ltr' id='par_1_6' title="bbox 310 2909 794 2994">
     <span class='ocr_line' id='line_1_29' title="bbox 310 2909 794 2994; baseline 0.008 -22"><span class='ocrx_word' id='word_1_259' title='bbox 310 2915 360 2974; x_wconf 89' lang='grc' dir='ltr'>ΙΧ.</span> <span class='ocrx_word' id='word_1_260' title='bbox 386 2916 459 2975; x_wconf 90' lang='grc'><strong>399.</strong></span> <span class='ocrx_word' id='word_1_261' title='bbox 505 2909 549 2987; x_wconf 82' lang='grc' dir='ltr'>εἷς</span> <span class='ocrx_word' id='word_1_262' title='bbox 572 2923 718 2994; x_wconf 58' lang='grc' dir='ltr'><em>γνωστικο</em></span> <span class='ocrx_word' id='word_1_263' title='bbox 743 2935 794 2976; x_wconf 81' lang='grc' dir='ltr'>πα</span> 
     </span>
    </p>

    <p class='ocr_par' dir='ltr' id='par_1_7' title="bbox 309 2998 970 3088">
     <span class='ocr_line' id='line_1_30' title="bbox 309 2998 970 3088; baseline 0.005 -27"><span class='ocrx_word' id='word_1_264' title='bbox 309 2999 359 3088; x_wconf 83' lang='lat' dir='ltr'>IX.</span> <span class='ocrx_word' id='word_1_265' title='bbox 384 3005 458 3064; x_wconf 84' lang='lat'>400.</span> <span class='ocrx_word' id='word_1_266' title='bbox 503 2998 549 3076; x_wconf 83' lang='grc' dir='ltr'>εἰς</span> <span class='ocrx_word' id='word_1_267' title='bbox 571 3001 627 3086; x_wconf 63' lang='grc' dir='ltr'>τὴν</span> <span class='ocrx_word' id='word_1_268' title='bbox 650 3001 804 3087; x_wconf 55' lang='lat' dir='ltr'>peinceps</span> <span class='ocrx_word' id='word_1_269' title='bbox 827 2998 970 3066; x_wconf 71' lang='grc' dir='ltr'><strong><em>ὗπατίαν</em></strong></span> 
     </span>
    </p>

    <p class='ocr_par' dir='ltr' id='par_1_8' title="bbox 509 3091 992 3176">
     <span class='ocr_line' id='line_1_31' title="bbox 509 3091 992 3176; baseline 0.004 -24"><span class='ocrx_word' id='word_1_270' title='bbox 509 3093 627 3166; x_wconf 82' lang='grc' dir='ltr'>θέωνος</span> <span class='ocrx_word' id='word_1_271' title='bbox 649 3094 815 3176; x_wconf 73' lang='grc' dir='ltr'><strong><em>θυγατέρα</em></strong></span> <span class='ocrx_word' id='word_1_272' title='bbox 838 3091 992 3156; x_wconf 80' lang='grc' dir='ltr'><em>παλλαδᾶ</em></span> 
     </span>
    </p>

    <p class='ocr_par' dir='ltr' id='par_1_9' title="bbox 307 3173 1453 3266">
     <span class='ocr_line' id='line_1_32' title="bbox 307 3173 1453 3266; baseline 0.008 -27"><span class='ocrx_word' id='word_1_273' title='bbox 307 3181 358 3240; x_wconf 89' lang='grc' dir='ltr'>ΙΧ.</span> <span class='ocrx_word' id='word_1_274' title='bbox 383 3183 456 3242; x_wconf 88' lang='grc'>401.</span> <span class='ocrx_word' id='word_1_275' title='bbox 502 3173 618 3265; x_wconf 76' lang='grc' dir='ltr'><em>ἄδηλον</em></span> <span class='ocrx_word' id='word_1_276' title='bbox 640 3177 685 3256; x_wconf 81' lang='grc' dir='ltr'>εἰς</span> <span class='ocrx_word' id='word_1_277' title='bbox 707 3176 885 3266; x_wconf 78' lang='grc' dir='ltr'><strong><em>ἐπιστολήν.</em></strong></span> <span class='ocrx_word' id='word_1_278' title='bbox 1359 3249 1361 3254; x_wconf 74' lang='grc'><em>,</em></span> <span class='ocrx_word' id='word_1_279' title='bbox 1452 3257 1453 3262; x_wconf 52' lang='lat'>.</span> 
     </span>
    </p>

    <p class='ocr_par' dir='ltr' id='par_1_10' title="bbox 219 3267 1394 4148">
     <span class='ocr_line' id='line_1_33' title="bbox 307 3267 1393 3356; baseline 0.001 -27"><span class='ocrx_word' id='word_1_280' title='bbox 307 3271 380 3329; x_wconf 91' lang='lat' dir='ltr'>Post</span> <span class='ocrx_word' id='word_1_281' title='bbox 412 3292 457 3347; x_wconf 93' lang='lat' dir='ltr'>ep.</span> <span class='ocrx_word' id='word_1_282' title='bbox 482 3274 544 3331; x_wconf 91' lang='grc'>399</span> <span class='ocrx_word' id='word_1_283' title='bbox 577 3267 622 3344; x_wconf 81' lang='grc' dir='ltr'>εἰς</span> <span class='ocrx_word' id='word_1_284' title='bbox 653 3280 801 3356; x_wconf 63' lang='lat' dir='ltr'>paronam</span> <span class='ocrx_word' id='word_1_285' title='bbox 828 3275 917 3333; x_wconf 90' lang='lat' dir='ltr'>erasit</span> <span class='ocrx_word' id='word_1_286' title='bbox 945 3267 981 3347; x_wconf 82' lang='lat' dir='ltr'>O,</span> <span class='ocrx_word' id='word_1_287' title='bbox 1013 3279 1048 3333; x_wconf 88' lang='lat' dir='ltr'>ut</span> <span class='ocrx_word' id='word_1_288' title='bbox 1080 3275 1158 3333; x_wconf 89' lang='lat' dir='ltr'>solae</span> <span class='ocrx_word' id='word_1_289' title='bbox 1190 3275 1306 3332; x_wconf 85' lang='lat' dir='ltr'>litterae</span> <span class='ocrx_word' id='word_1_290' title='bbox 1343 3290 1393 3330; x_wconf 82' lang='grc' dir='ltr'>πα</span> 
     </span>
     <span class='ocr_line' id='line_1_34' title="bbox 219 3359 1394 3438; baseline 0.003 -22"><span class='ocrx_word' id='word_1_291' title='bbox 219 3359 355 3435; x_wconf 86' lang='lat' dir='ltr'>cognosci</span> <span class='ocrx_word' id='word_1_292' title='bbox 380 3361 505 3436; x_wconf 89' lang='lat' dir='ltr'>possint,</span> <span class='ocrx_word' id='word_1_293' title='bbox 532 3362 563 3420; x_wconf 89' lang='lat' dir='ltr'>in</span> <span class='ocrx_word' id='word_1_294' title='bbox 587 3363 695 3438; x_wconf 90' lang='lat' dir='ltr'>quibus</span> <span class='ocrx_word' id='word_1_295' title='bbox 718 3382 823 3422; x_wconf 91' lang='lat' dir='ltr'>nomen</span> <span class='ocrx_word' id='word_1_296' title='bbox 847 3363 987 3422; x_wconf 89' lang='lat' dir='ltr'>Palladae</span> <span class='ocrx_word' id='word_1_297' title='bbox 1010 3364 1103 3422; x_wconf 90' lang='lat' dir='ltr'>latere</span> <span class='ocrx_word' id='word_1_298' title='bbox 1128 3365 1260 3438; x_wconf 87' lang='lat' dir='ltr'>putatur.</span> <span class='ocrx_word' id='word_1_299' title='bbox 1308 3360 1394 3430; x_wconf 83' lang='lat' dir='ltr'>Quod</span> 
     </span>
     <span class='ocr_line' id='line_1_35' title="bbox 219 3450 1394 3527; baseline 0.004 -24"><span class='ocrx_word' id='word_1_300' title='bbox 219 3452 318 3504; x_wconf 89' lang='lat' dir='ltr'>tamen</span> <span class='ocrx_word' id='word_1_301' title='bbox 334 3468 392 3506; x_wconf 92' lang='lat' dir='ltr'>non</span> <span class='ocrx_word' id='word_1_302' title='bbox 416 3452 494 3507; x_wconf 89' lang='lat' dir='ltr'>recte</span> <span class='ocrx_word' id='word_1_303' title='bbox 510 3452 610 3525; x_wconf 90' lang='lat' dir='ltr'>putari</span> <span class='ocrx_word' id='word_1_304' title='bbox 630 3469 663 3509; x_wconf 91' lang='lat' dir='ltr'>eo</span> <span class='ocrx_word' id='word_1_305' title='bbox 684 3451 817 3527; x_wconf 83' lang='lat' dir='ltr'>intellegi</span> <span class='ocrx_word' id='word_1_306' title='bbox 840 3455 948 3526; x_wconf 83' lang='lat' dir='ltr'>potest,</span> <span class='ocrx_word' id='word_1_307' title='bbox 972 3451 1052 3527; x_wconf 91' lang='lat' dir='ltr'>quod</span> <span class='ocrx_word' id='word_1_308' title='bbox 1075 3450 1112 3508; x_wconf 85' lang='lat' dir='ltr'>ad</span> <span class='ocrx_word' id='word_1_309' title='bbox 1136 3471 1181 3526; x_wconf 90' lang='lat' dir='ltr'>ep.</span> <span class='ocrx_word' id='word_1_310' title='bbox 1199 3451 1262 3508; x_wconf 85' lang='grc'>400</span> <span class='ocrx_word' id='word_1_311' title='bbox 1286 3467 1394 3508; x_wconf 91' lang='lat' dir='ltr'>nomen</span> 
     </span>
     <span class='ocr_line' id='line_1_36' title="bbox 220 3529 1394 3614; baseline 0.003 -22"><span class='ocrx_word' id='word_1_312' title='bbox 220 3538 339 3610; x_wconf 86' lang='lat' dir='ltr'>poetae,</span> <span class='ocrx_word' id='word_1_313' title='bbox 371 3555 429 3595; x_wconf 89' lang='lat' dir='ltr'>non</span> <span class='ocrx_word' id='word_1_314' title='bbox 453 3531 510 3594; x_wconf 79' lang='grc' dir='ltr'>τοῦ</span> <span class='ocrx_word' id='word_1_315' title='bbox 535 3529 636 3596; x_wconf 72' lang='grc' dir='ltr'><strong><em>αὐτοῦ</em></strong></span> <span class='ocrx_word' id='word_1_316' title='bbox 663 3538 846 3614; x_wconf 86' lang='lat' dir='ltr'>adscriptum</span> <span class='ocrx_word' id='word_1_317' title='bbox 873 3543 925 3598; x_wconf 89' lang='lat' dir='ltr'>est.</span> <span class='ocrx_word' id='word_1_318' title='bbox 973 3539 1069 3610; x_wconf 84' lang='lat' dir='ltr'>Quid?</span> <span class='ocrx_word' id='word_1_319' title='bbox 1106 3538 1312 3598; x_wconf 67' lang='lat' dir='ltr'>correctorio</span> <span class='ocrx_word' id='word_1_320' title='bbox 1341 3539 1394 3614; x_wconf 91' lang='lat' dir='ltr'>qui</span> 
     </span>
     <span class='ocr_line' id='line_1_37' title="bbox 219 3618 1392 3703; baseline 0.006 -24"><span class='ocrx_word' id='word_1_321' title='bbox 219 3643 264 3698; x_wconf 89' lang='lat' dir='ltr'>ep.</span> <span class='ocrx_word' id='word_1_322' title='bbox 291 3623 353 3680; x_wconf 90' lang='grc'>399</span> <span class='ocrx_word' id='word_1_323' title='bbox 378 3618 519 3684; x_wconf 87' lang='lat' dir='ltr'>Palladae</span> <span class='ocrx_word' id='word_1_324' title='bbox 542 3626 664 3699; x_wconf 86' lang='lat' dir='ltr'>tribuit,</span> <span class='ocrx_word' id='word_1_325' title='bbox 696 3646 749 3686; x_wconf 89' lang='lat' dir='ltr'>cur</span> <span class='ocrx_word' id='word_1_326' title='bbox 772 3628 799 3685; x_wconf 92' lang='lat' dir='ltr'>ei</span> <span class='ocrx_word' id='word_1_327' title='bbox 821 3628 983 3687; x_wconf 86' lang='lat' dir='ltr'>radendum</span> <span class='ocrx_word' id='word_1_328' title='bbox 1008 3632 1083 3699; x_wconf 88' lang='lat' dir='ltr'>erat,</span> <span class='ocrx_word' id='word_1_329' title='bbox 1107 3626 1136 3687; x_wconf 91' lang='lat' dir='ltr'>si</span> <span class='ocrx_word' id='word_1_330' title='bbox 1159 3646 1265 3686; x_wconf 89' lang='lat' dir='ltr'>nomen</span> <span class='ocrx_word' id='word_1_331' title='bbox 1287 3631 1392 3703; x_wconf 89' lang='lat' dir='ltr'>poetae</span> 
     </span>
     <span class='ocr_line' id='line_1_38' title="bbox 219 3712 1392 3777; baseline 0.006 -9"><span class='ocrx_word' id='word_1_332' title='bbox 219 3712 276 3768; x_wconf 86' lang='lat' dir='ltr'>iarn</span> <span class='ocrx_word' id='word_1_333' title='bbox 301 3712 436 3771; x_wconf 88' lang='lat' dir='ltr'>additum</span> <span class='ocrx_word' id='word_1_334' title='bbox 461 3718 555 3774; x_wconf 84' lang='lat' dir='ltr'>esset?</span> <span class='ocrx_word' id='word_1_335' title='bbox 593 3715 687 3774; x_wconf 90' lang='lat' dir='ltr'>Immo</span> <span class='ocrx_word' id='word_1_336' title='bbox 711 3735 781 3775; x_wconf 89' lang='lat' dir='ltr'>vero</span> <span class='ocrx_word' id='word_1_337' title='bbox 810 3717 1018 3775; x_wconf 89' lang='lat' dir='ltr'>affirmandum</span> <span class='ocrx_word' id='word_1_338' title='bbox 1042 3721 1088 3776; x_wconf 92' lang='lat' dir='ltr'>est</span> <span class='ocrx_word' id='word_1_339' title='bbox 1110 3718 1162 3776; x_wconf 86' lang='lat' dir='ltr'>has</span> <span class='ocrx_word' id='word_1_340' title='bbox 1184 3716 1300 3777; x_wconf 86' lang='lat' dir='ltr'>litteras</span> <span class='ocrx_word' id='word_1_341' title='bbox 1323 3735 1392 3775; x_wconf 87' lang='lat' dir='ltr'>non</span> 
     </span>
     <span class='ocr_line' id='line_1_39' title="bbox 219 3799 1393 3882; baseline 0.003 -24"><span class='ocrx_word' id='word_1_342' title='bbox 219 3819 280 3859; x_wconf 91' lang='lat' dir='ltr'>esse</span> <span class='ocrx_word' id='word_1_343' title='bbox 296 3802 422 3861; x_wconf 89' lang='lat' dir='ltr'>nominis</span> <span class='ocrx_word' id='word_1_344' title='bbox 437 3799 588 3864; x_wconf 85' lang='lat' dir='ltr'>Palladae.</span> <span class='ocrx_word' id='word_1_345' title='bbox 619 3804 775 3864; x_wconf 76' lang='lat' dir='ltr'>(torrentor</span> <span class='ocrx_word' id='word_1_346' title='bbox 796 3809 864 3882; x_wconf 89' lang='lat' dir='ltr'>post</span> <span class='ocrx_word' id='word_1_347' title='bbox 882 3802 927 3863; x_wconf 88' lang='lat' dir='ltr'>A*</span> <span class='ocrx_word' id='word_1_348' title='bbox 950 3805 1078 3866; x_wconf 87' lang='lat' dir='ltr'>mutavit</span> <span class='ocrx_word' id='word_1_349' title='bbox 1100 3805 1156 3865; x_wconf 90' lang='lat' dir='ltr'>hoc</span> <span class='ocrx_word' id='word_1_350' title='bbox 1178 3805 1279 3864; x_wconf 92' lang='lat' dir='ltr'>modo:</span> <span class='ocrx_word' id='word_1_351' title='bbox 1303 3805 1393 3865; x_wconf 87' lang='lat' dir='ltr'>verbo</span> 
     </span>
     <span class='ocr_line' id='line_1_40' title="bbox 219 3886 1392 3970; baseline 0.006 -23"><span class='ocrx_word' id='word_1_352' title='bbox 219 3892 287 3964; x_wconf 91' lang='lat' dir='ltr'>post</span> <span class='ocrx_word' id='word_1_353' title='bbox 311 3909 355 3966; x_wconf 88' lang='lat' dir='ltr'>ep.</span> <span class='ocrx_word' id='word_1_354' title='bbox 381 3891 444 3949; x_wconf 85' lang='lat'>399</span> <span class='ocrx_word' id='word_1_355' title='bbox 469 3911 551 3952; x_wconf 87' lang='lat' dir='ltr'>eraso</span> <span class='ocrx_word' id='word_1_356' title='bbox 575 3894 612 3952; x_wconf 89' lang='lat' dir='ltr'>ad</span> <span class='ocrx_word' id='word_1_357' title='bbox 636 3913 681 3970; x_wconf 89' lang='lat' dir='ltr'>ep.</span> <span class='ocrx_word' id='word_1_358' title='bbox 706 3896 769 3953; x_wconf 85' lang='grc'>400</span> <span class='ocrx_word' id='word_1_359' title='bbox 793 3897 862 3970; x_wconf 89' lang='lat' dir='ltr'>post</span> <span class='ocrx_word' id='word_1_360' title='bbox 884 3886 1027 3953; x_wconf 71' lang='grc' dir='ltr'><strong><em>ὑπατίαν</em></strong></span> <span class='ocrx_word' id='word_1_361' title='bbox 1050 3895 1208 3970; x_wconf 90' lang='lat' dir='ltr'>adscripsit</span> <span class='ocrx_word' id='word_1_362' title='bbox 1229 3887 1392 3954; x_wconf 80' lang='grc' dir='ltr'><em>Παλλαόἇ.</em></span> 
     </span>
     <span class='ocr_line' id='line_1_41' title="bbox 219 3977 1392 4060; baseline 0.005 -27"><span class='ocrx_word' id='word_1_363' title='bbox 219 3977 296 4035; x_wconf 82' lang='lat' dir='ltr'>Tum</span> <span class='ocrx_word' id='word_1_364' title='bbox 318 3983 354 4036; x_wconf 92' lang='lat' dir='ltr'>ut</span> <span class='ocrx_word' id='word_1_365' title='bbox 377 3999 505 4039; x_wconf 89' lang='lat' dir='ltr'>errorem</span> <span class='ocrx_word' id='word_1_366' title='bbox 531 3983 664 4057; x_wconf 84' lang='lat' dir='ltr'>evitaret,</span> <span class='ocrx_word' id='word_1_367' title='bbox 689 3983 800 4043; x_wconf 90' lang='lat' dir='ltr'>delevit</span> <span class='ocrx_word' id='word_1_368' title='bbox 823 3987 853 4042; x_wconf 91' lang='lat' dir='ltr'>et</span> <span class='ocrx_word' id='word_1_369' title='bbox 876 3984 912 4041; x_wconf 84' lang='lat' dir='ltr'>ab</span> <span class='ocrx_word' id='word_1_370' title='bbox 933 3977 976 4041; x_wconf 84' lang='lat' dir='ltr'>A*</span> <span class='ocrx_word' id='word_1_371' title='bbox 999 3983 1036 4042; x_wconf 89' lang='lat' dir='ltr'>ad</span> <span class='ocrx_word' id='word_1_372' title='bbox 1060 4003 1105 4060; x_wconf 90' lang='lat' dir='ltr'>ep.</span> <span class='ocrx_word' id='word_1_373' title='bbox 1123 3984 1186 4043; x_wconf 86' lang='grc'>400</span> <span class='ocrx_word' id='word_1_374' title='bbox 1211 3983 1392 4059; x_wconf 90' lang='lat' dir='ltr'>adscriptum</span> 
     </span>
     <span class='ocr_line' id='line_1_42' title="bbox 220 4065 1391 4148; baseline 0.007 -26"><span class='ocrx_word' id='word_1_375' title='bbox 220 4070 250 4122; x_wconf 92' lang='lat' dir='ltr'>et</span> <span class='ocrx_word' id='word_1_376' title='bbox 272 4084 325 4123; x_wconf 87' lang='lat' dir='ltr'>sua</span> <span class='ocrx_word' id='word_1_377' title='bbox 347 4067 440 4142; x_wconf 86' lang='lat' dir='ltr'>ipsius</span> <span class='ocrx_word' id='word_1_378' title='bbox 465 4089 554 4128; x_wconf 86' lang='lat' dir='ltr'>manu</span> <span class='ocrx_word' id='word_1_379' title='bbox 577 4072 712 4130; x_wconf 84' lang='lat' dir='ltr'>additum</span> <span class='ocrx_word' id='word_1_380' title='bbox 734 4091 841 4130; x_wconf 90' lang='lat' dir='ltr'>nomen</span> <span class='ocrx_word' id='word_1_381' title='bbox 866 4065 1021 4133; x_wconf 68' lang='lat' dir='ltr'>uallata</span> <span class='ocrx_word' id='word_1_382' title='bbox 1050 4075 1081 4131; x_wconf 93' lang='lat' dir='ltr'>et</span> <span class='ocrx_word' id='word_1_383' title='bbox 1102 4072 1234 4130; x_wconf 86' lang='lat' dir='ltr'>lemmati</span> <span class='ocrx_word' id='word_1_384' title='bbox 1257 4091 1302 4148; x_wconf 91' lang='lat' dir='ltr'>ep.</span> <span class='ocrx_word' id='word_1_385' title='bbox 1328 4072 1391 4130; x_wconf 89' lang='grc'>400</span> 
     </span>
    </p>
   </div>
   <div class='ocr_carea' id='block_1_5' title="bbox 220 4220 1392 4509">
    <p class='ocr_par' dir='ltr' id='par_1_11' title="bbox 308 4220 1009 4291">
     <span class='ocr_line' id='line_1_43' title="bbox 308 4220 1009 4291; baseline 0.01 -19"><span class='ocrx_word' id='word_1_386' title='bbox 308 4220 329 4289; x_wconf 81' lang='lat'>¹)</span> <span class='ocrx_word' id='word_1_387' title='bbox 347 4220 602 4291; x_wconf 87' lang='lat' dir='ltr'>Pauly-Wissowa,</span> <span class='ocrx_word' id='word_1_388' title='bbox 622 4240 643 4277; x_wconf 85' lang='lat' dir='ltr'>a.</span> <span class='ocrx_word' id='word_1_389' title='bbox 662 4241 688 4278; x_wconf 83' lang='lat' dir='ltr'>v.</span> <span class='ocrx_word' id='word_1_390' title='bbox 707 4223 889 4279; x_wconf 88' lang='lat' dir='ltr'>Besantinus.</span> <span class='ocrx_word' id='word_1_391' title='bbox 1006 4231 1009 4237; x_wconf 90' lang='lat'>&#39;</span> 
     </span>
    </p>

    <p class='ocr_par' dir='ltr' id='par_1_12' title="bbox 220 4291 1392 4509">
     <span class='ocr_line' id='line_1_44' title="bbox 309 4291 1392 4366; baseline 0.004 -20"><span class='ocrx_word' id='word_1_392' title='bbox 309 4291 329 4361; x_wconf 78' lang='lat'>²)</span> <span class='ocrx_word' id='word_1_393' title='bbox 349 4291 529 4361; x_wconf 84' lang='lat' dir='ltr'>Cogitaveris</span> <span class='ocrx_word' id='word_1_394' title='bbox 541 4293 693 4347; x_wconf 90' lang='lat' dir='ltr'>Phaedimi</span> <span class='ocrx_word' id='word_1_395' title='bbox 706 4294 881 4364; x_wconf 85' lang='lat' dir='ltr'>Bisanthini,</span> <span class='ocrx_word' id='word_1_396' title='bbox 901 4297 951 4366; x_wconf 93' lang='lat' dir='ltr'>qui</span> <span class='ocrx_word' id='word_1_397' title='bbox 971 4302 1014 4350; x_wconf 89' lang='lat' dir='ltr'>est</span> <span class='ocrx_word' id='word_1_398' title='bbox 1033 4297 1109 4350; x_wconf 87' lang='lat' dir='ltr'>inter</span> <span class='ocrx_word' id='word_1_399' title='bbox 1127 4297 1306 4366; x_wconf 82' lang='lat' dir='ltr'>Meleagreoe</span> <span class='ocrx_word' id='word_1_400' title='bbox 1346 4311 1392 4350; x_wconf 93' lang='lat' dir='ltr'>oe-</span> 
     </span>
     <span class='ocr_line' id='line_1_45' title="bbox 220 4364 1392 4437; baseline 0.006 -24"><span class='ocrx_word' id='word_1_401' title='bbox 220 4367 271 4429; x_wconf 86' lang='lat' dir='ltr'>tas,</span> <span class='ocrx_word' id='word_1_402' title='bbox 291 4378 396 4416; x_wconf 91' lang='lat' dir='ltr'>nomen</span> <span class='ocrx_word' id='word_1_403' title='bbox 415 4364 512 4418; x_wconf 87' lang='lat' dir='ltr'>nescio</span> <span class='ocrx_word' id='word_1_404' title='bbox 532 4382 589 4435; x_wconf 92' lang='lat' dir='ltr'>quo</span> <span class='ocrx_word' id='word_1_405' title='bbox 609 4365 862 4436; x_wconf 82' lang='lat' dir='ltr'>casuadpositum</span> <span class='ocrx_word' id='word_1_406' title='bbox 881 4384 942 4421; x_wconf 90' lang='lat' dir='ltr'>esse</span> <span class='ocrx_word' id='word_1_407' title='bbox 955 4367 991 4422; x_wconf 84' lang='lat' dir='ltr'>ad</span> <span class='ocrx_word' id='word_1_408' title='bbox 1003 4368 1058 4422; x_wconf 88' lang='lat' dir='ltr'>hos</span> <span class='ocrx_word' id='word_1_409' title='bbox 1070 4384 1168 4422; x_wconf 88' lang='lat' dir='ltr'>versus</span> <span class='ocrx_word' id='word_1_410' title='bbox 1181 4368 1314 4437; x_wconf 82' lang='lat' dir='ltr'>Theogni</span> <span class='ocrx_word' id='word_1_411' title='bbox 1335 4384 1392 4436; x_wconf 88' lang='lat' dir='ltr'>eos,</span> 
     </span>
     <span class='ocr_line' id='line_1_46' title="bbox 220 4429 1320 4509; baseline 0.008 -26"><span class='ocrx_word' id='word_1_412' title='bbox 220 4429 255 4484; x_wconf 91' lang='lat' dir='ltr'>de</span> <span class='ocrx_word' id='word_1_413' title='bbox 275 4449 332 4502; x_wconf 92' lang='lat' dir='ltr'>quo</span> <span class='ocrx_word' id='word_1_414' title='bbox 351 4434 417 4488; x_wconf 90' lang='lat' dir='ltr'>vide</span> <span class='ocrx_word' id='word_1_415' title='bbox 436 4437 620 4490; x_wconf 87' lang='lat' dir='ltr'>Knaackium</span> <span class='ocrx_word' id='word_1_416' title='bbox 639 4436 717 4507; x_wconf 86' lang='lat' dir='ltr'>apud</span> <span class='ocrx_word' id='word_1_417' title='bbox 736 4437 889 4492; x_wconf 82' lang='lat' dir='ltr'>Susemihl.</span> <span class='ocrx_word' id='word_1_418' title='bbox 908 4439 975 4493; x_wconf 92' lang='lat' dir='ltr'>hist.</span> <span class='ocrx_word' id='word_1_419' title='bbox 994 4439 1051 4495; x_wconf 88' lang='lat' dir='ltr'>litt.</span> <span class='ocrx_word' id='word_1_420' title='bbox 1071 4439 1154 4494; x_wconf 84' lang='lat' dir='ltr'>Alex.</span> <span class='ocrx_word' id='word_1_421' title='bbox 1168 4440 1199 4494; x_wconf 94' lang='lat' dir='ltr'>II</span> <span class='ocrx_word' id='word_1_422' title='bbox 1217 4456 1245 4509; x_wconf 88' lang='lat' dir='ltr'>p.</span> <span class='ocrx_word' id='word_1_423' title='bbox 1259 4440 1320 4494; x_wconf 78' lang='lat'>539.</span> 
     </span>
    </p>
   </div>
   <div class='ocr_carea' id='block_1_6' title="bbox 0 0 1693 5210">
    <p class='ocr_par' dir='ltr' id='par_1_13' title="bbox 0 0 1693 5210">
     <span class='ocr_line' id='line_1_47' title="bbox 0 0 1693 5210; baseline 0 0"><span class='ocrx_word' id='word_1_424' title='bbox 0 0 1693 5210; x_wconf 95' lang='lat' dir='ltr'> </span> 
     </span>
    </p>
   </div>
  </div>
 </body>
</html>
