3372 5210
780 296 998 354 ...43-

388 473 512 549 Dilthay
535 473 653 550 longius
677 490 850 556 progressus
873 472 904 532 11
926 473 1098 532 collectione
1126 492 1193 548 epp.
1223 473 1362 534 Palladae
1392 474 1480 532 etiam

297 557 422 622 lanciani
446 582 513 638 epp.
536 561 627 622 fuisso
650 556 855 642 arbitraturss)

387 651 484 710 Aliter
508 651 599 710 sentit
621 651 828 726 Weisshaeupl
856 647 1123 728 ,Grahgedichte‘,
1148 651 1199 726 qui
1224 670 1292 710 cum
1314 651 1482 728 fragmenta

298 759 475 800 coronarum
508 740 693 818 singularum
726 739 936 816 composuerit,
970 759 1035 817 epp.
1068 739 1207 800 Palladae
1235 740 1312 800 iuter
1334 741 1481 818 Agathiae

299 829 375 906 oycli
408 849 474 906 epp.
507 832 667 896 enumerat.
713 829 796 887 Idem
824 849 853 905 p.
879 830 929 888 34.
962 848 1030 890 curn
1063 829 1223 890 maioribus
1258 849 1324 904 epp.
1355 831 1481 908 syllogis

298 919 448 978 recensitis
480 919 618 977 Palladae
647 916 849 977 collectionem
883 918 1014 988 omittat,
1047 919 1199 977 Palladem
1228 918 1375 994 Agathiae
1405 919 1481 995 cycli

298 1026 360 1068 esse
383 1007 501 1066 indicat.
936 1022 953 1030 ··

388 1095 550 1154 Sternbach
574 1114 692 1171 quoque
715 1096 784 1155 Mel.
806 1117 835 1172 p.
858 1097 908 1154 22.
933 1096 1133 1154 collectionem
1159 1097 1296 1155 Palladae
1321 1115 1380 1156 non
1404 1115 1480 1156 com·

298 1199 450 1242 memorat.

388 1272 600 1332 Stadtmueller
623 1274 771 1333 nonnullis
794 1275 865 1333 locis
888 1275 943 1334 hac
966 1274 1001 1332 de
1025 1295 1058 1333 re
1073 1276 1192 1334 locutus
1215 1275 1348 1351 primum
1370 1295 1433 1333 rem
1449 1275 1481 1331 11

297 1362 394 1420 medio
418 1362 541 1438 reliquit
563 1363 612 1422 vel
636 1363 670 1420 de
695 1363 777 1438 cyclo
801 1362 946 1440 Agathino
970 1357 1157 1440 cogitarim,
1180 1363 1284 1422 deinde
1312 1361 1391 1421 inter
1413 1363 1481 1422 Pal-

297 1450 383 1509 ladae
407 1469 474 1527 epp.
499 1453 529 1509 et
552 1452 668 1527 cyclum
692 1453 903 1511 secernendum
927 1471 989 1512 esse
1009 1445 1167 1528 putavit³l
1215 1452 1324 1522 Quam
1346 1447 1418 1511 r'em
1440 1455 1481 1511 ut

296 1557 359 1598 nos
383 1540 456 1616 ipsi
478 1540 666 1600 absolvere
694 1559 873 1616 conemur,
902 1541 1201 1617 contemplemur,
1231 1541 1362 1618 quihus
1390 1541 1479 1601 locis

298 1647 373 1705 epp.
398 1629 570 1687 Palladae
594 1629 849 1689 inveniantur..

386 1717 422 1774 In
453 1719 626 1778 universum
659 1719 683 1776 si
715 1719 902 1794 respicimus,
941 1719 1201 1778 animadvertimus
1239 1719 1269 1776 in
1303 1719 1382 1777 anth.
1414 1715 1478 1777 Pal.

298 1806 406 1864 multas
438 1826 533 1865 meras
566 1828 631 1883 epp.
664 1807 802 1865 Palladae
830 1807 919 1867 series
947 1808 1033 1884 prodi
1061 1808 1209 1885 longiores
1233 1827 1322 1884 quam
1352 1807 1479 1866 aliorum

299 1898 469 1970 poetarum,
509 1896 589 1970 quod
620 1899 770 1973 repugnat
802 1895 884 1973 Oyoli
916 1897 1135 1972 compositioni,
1167 1898 1199 1955 in
1232 1916 1291 1972 quo
1319 1890 1480 1974 Agathiam

302 1987 437 2042 auctores
460 1985 501 2042 ita
524 1989 640 2043 mutare
664 1987 786 2056 constat,
810 1989 845 2044 ut
867 2005 935 2045 raro
958 1987 1112 2062 complure
1135 1986 1266 2045 eiusdem
1290 1989 1396 2062 poetae
1412 2004 1478 2060 epp.

269 2072 272 2077 ’
299 2072 456 2132 coniuncta
486 2074 638 2150 legantur,
668 2092 727 2149 qua
749 2094 782 2132 re
805 2093 912 2134 nomen
936 2073 1017 2150 Cycli
1041 2075 1216 2134 declaratur.
1272 2076 1394 2133 Praeter
1426 2075 1478 2132 has
1522 2115 1524 2119 -

299 2162 388 2221 series
410 2162 508 2220 multa
530 2162 646 2239 singula
669 2163 807 2222 Palladae
831 2184 895 2240 epp.
925 2163 1056 2238 dispersa
1083 2163 1261 2237 invenimus,
1284 2183 1360 2240 quae
1384 2161 1477 2232 nobis,

300 2269 359 2325 quo
383 2251 448 2310 loco
472 2251 581 2310 inserta
604 2251 671 2322 sint,
697 2252 930 2311 examinantibus
953 2253 1074 2310 maximi
1097 2257 1168 2311 sunt
1190 2252 1338 2311 momenti.
1370 2247 1478 2328 Itaque

299 2359 333 2397 ea
356 2359 422 2415 epp.
449 2339 580 2416 primum
607 2346 839 2416 perscrutemur,
874 2361 949 2416 quae
976 2343 1007 2400 in
1034 2341 1200 2418 fragmenta
1227 2341 1373 2419 Agathino
1402 2339 1479 2416 cycli

300 2427 431 2502 dispersa
464 2446 525 2500 esse
558 2428 697 2488 videntur
729 2449 863 2506 quaeque
890 2430 1098 2506 Weisshaeupl
1130 2430 1160 2487 in
1179 2431 1362 2508 fragmentis.
1387 2429 1477 2488 huius

303 2516 485 2576 collectionis
509 2521 669 2578 enumerat.
715 2519 758 2576 1111
782 2518 891 2594 quibus
914 2520 967 2578 has
989 2519 1089 2579 inveni
1113 2519 1213 2578 series:
1237 2513 1275 2578 V.
1293 2512 1479 2587 ‘Ilo-302,

297 2606 404 2680 inqua
424 2626 469 2681 ep.
487 2608 560 2665 256.
577 2601 742 2681 Hellade,
763 2608 841 2683 quod
858 2608 996 2667 Palladae
1016 2608 1228 2684 denegandum,
1250 2607 1299 2667 sed
1317 2607 1380 2665 veri
1397 2605 1479 2665 simi·

297 2695 355 2753 lius
370 2694 464 2752 Paulo
481 2694 531 2755 Sil.
556 2695 749 2754 tribuendum
766 2715 828 2756 esse
845 2695 1075 2756 Stadtmuellero
1090 2701 1249 2774 praeeunte
1260 2694 1479 2772 explicavimus.

387 2783 438 2842 vl.
455 2779 595 2846 54-86.
644 2785 829 2862 Quamquam
844 2785 1051 2862 Weisshaeupl
1067 2787 1142 2844 hanc
1158 2786 1263 2846 seriem
1279 2785 1480 2862 fragmentum

299 2871 382 2948 Oyoli
405 2891 466 2931 esse
489 2876 585 2949 putat,
610 2878 708 2933 tamen
727 2875 837 2934 rectius
858 2874 1085 2934 Stadtmuellero
1108 2878 1230 2934 auctore
1254 2895 1319 2951 epp.
1339 2874 1479 2934 54-59.

299 2961 477 3019 secernenda
501 2967 579 3034 sunt,
603 2963 682 3037 quod
706 2963 821 3022 etiamsi
844 2964 980 3038 ponimus
996 2964 1148 3023 Palladem
1164 2965 1257 3024 fuisse
1274 2963 1363 3040 chli,
1381 2966 1479 3020 tamen

298 3068 344 3124 ep.
363 3050 413 3106 62.
437 3049 570 3126 Philippi
591 3051 787 3110 Thessalonic.
810 3052 885 3110 hanc
901 3053 1005 3111 seriem
1021 3054 1198 3130 interrumpi
1213 3057 1345 3130 apparet.
1373 3051 1479 3127 Itaque

302 3140 404 3213 aperte
428 3138 501 3196 haec
524 3158 589 3215 epp.
613 3136 754 3197 Palladae
780 3141 830 3198 60.
848 3144 877 3199 et
894 3142 945 3200 61.
968 3142 999 3198 11
1022 3142 1079 3200 fine
1103 3143 1188 3200 seriei
1210 3144 1256 3201 vel
1280 3141 1365 3200 initio
1387 3141 1485 3198 intem.
1552 3199 1555 3206 ,

298 3226 445 3302 ruptionis
469 3230 597 3300 exstant3
624 3230 683 3288 huc
711 3229 822 3288 inserta
851 3232 921 3289 sunt
947 3235 1070 3306 propter
1102 3230 1325 3290 similitudinem
1358 3229 1478 3287 anathe-

298 3317 399 3387 matis,
429 3317 508 3392 quod
532 3317 663 3377 laudant.
709 3317 849 3389 VI.·85.,
879 3318 959 3394 quod
985 3319 1017 3376 in
1044 3318 1207 3394 posteriore
1231 3319 1304 3378 serie
1328 3319 1479 3377 iuvenitur

299 3403 464 3482 (so-86.)
488 3407 577 3465 finem
600 3407 673 3466 facit
695 3407 856 3486 fragmenti
875 3407 958 3484 Oyoli
979 3427 1046 3468 oum
1070 3427 1114 3483 ep.
1139 3412 1280 3483 sequente
1297 3399 1478 3483 Εὓτολμίου

299 3489 514 3568 Σχολαστικοῦ
541 3487 753 3576 Ἵλλουστρίου.
801 3497 933 3567 Quorum
967 3517 1032 3574 epp.
1066 3497 1137 3573 quin
1170 3498 1295 3556 alterum
1325 3496 1360 3554 ah
1386 3496 1478 3554 altero

298 3583 433 3658 pendeat,
457 3601 515 3643 non
539 3588 584 3643 est
606 3585 810 3656 dubitandum,
836 3586 996 3661 quodiam
1021 3586 1130 3645 scholio
1155 3606 1172 3644 1
1199 3586 1297 3646 scriba
1319 3584 1348 3642 A
1376 3583 1477 3643 addito

299 3673 429 3731 notatur.
475 3671 514 3729 Et
530 3692 574 3747 ep.
590 3673 735 3731 Ilutolmii
751 3674 870 3750 quidem
895 3675 1145 3733 anathematicum
1167 3675 1251 3749 prius
1268 3692 1329 3732 esse
1346 3675 1477 3748 apparet,

300 3759 379 3836 quod
404 3760 540 3818 Palladae
564 3760 701 3836 parodica
724 3761 859 3822 imitatus
883 3767 935 3821 est
981 3761 1150 3837 Utrumque
1175 3782 1220 3837 ep.
1244 3780 1313 3820 oum
1334 3761 1477 3818 ultimum

300 3849 340 3908 sit
363 3848 443 3925 chli
467 3849 635 3926 fragmenti,
664 3852 716 3908 aut
749 3850 894 3927 appendix
926 3853 978 3908 aut
1010 3869 1077 3925 pars
1110 3849 1198 3908 huius
1230 3848 1391 3925 fragmenti
1423 3852 1477 3908 est.

389 4037 410 4108 ¹)
429 4037 493 4092 Iud.
512 4039 578 4092 lect.
600 4038 731 4109 Gotting.
751 4039 785 4094 A.
799 4039 827 4094 S.
849 4039 925 4095 1887.
945 4057 973 4110 p.
988 4039 1030 4093 18.
1426 4109 1432 4121 ·

389 4109 411 4178 ⁹)
431 4109 475 4166 ed.
494 4110 583 4180 praef.
603 4129 631 4180 p.
645 4111 794 4165 XXVIH:
817 4111 915 4176 ,cuius
934 4112 981 4181 [so.
995 4109 1144 4180 Palladae]
1163 4110 1305 4180 syllogam
1325 4109 1476 4179 Agathrae,

300 4179 411 4262 opinor,
431 4198 489 4235 non
509 4182 653 4251 neglexit“
676 4189 705 4236 et
722 4201 751 4252 p.
764 4181 842 4237 XLI.
862 4181 1075 4252 1111125114.
1098 4180 1250 4249 ,Palladae
1269 4182 1477 4251 epigrammata

299 4267 331 4304 111
351 4251 440 4321 Cyclo
459 4253 541 4307 nulla
560 4253 650 4308 fuisse
668 4270 721 4324 pro
741 4260 818 4308 certo
838 4253 974 4308 contendi
994 4255 1121 4324 nequit*

390 4324 462 4393 1)Β.
481 4324 529 4394 ph.
550 4325 594 4380 W.
618 4325 686 4379 1895
705 4343 733 4395 p.
752 4326 889 4396 356sqq.‚
918 4343 1004 4396 quam
1027 4325 1200 4380 sententiam
1224 4340 1316 4394 nuper
1340 4321 1478 4376 disertius

302 4393 344 4450 ed.
358 4393 397 4448 H.
417 4394 524 4451 11111.
543 4413 571 4466 p.
585 4396 668 4453 VIII.
689 4402 718 4450 et
736 4413 763 4466 p.
776 4396 873 4452 XXV.
893 4397 1011 4467 profert.
