3372 5210
777 318 997 374 ..30-

297 497 385 554 'ledae
409 515 483 570 epp,
508 490 583 570 quae
606 494 684 569 apud
700 494 865 554 Ausonium
889 493 1085 568 reperiuntur,
1110 497 1179 552 sunt
1203 515 1269 570 epp.
1293 496 1330 553 ab
1345 495 1476 571 Ugoleto

299 585 350 644 sel
373 585 488 643 Merula
511 577 693 662 conversal),
718 595 793 658 quae
816 601 874 641 non
898 586 968 640 sunt
990 583 1134 641 Ausonii.
1169 583 1246 641 Sunt
1268 588 1366 642 eutem
1391 584 1476 642 haec:

392 673 526 749 Append.
550 673 594 730 ed.
619 670 784 730 Schenkelii
807 691 851 747 ep.
877 673 952 728 3.-
970 672 1005 728 A.
1019 671 1053 729 P.
1076 671 1153 746 App.
1179 672 1206 729 1.
1238 705 1277 713 —
1306 693 1350 748 ep.
1376 673 1416 730 15
1434 697 1475 722 ==

300 763 338 824 A.
355 763 387 820 P.
412 782 457 837 ep.
480 761 531 822 XI.
556 761 629 832 279,
652 793 695 802 -
720 781 765 836 ep.
790 761 831 818 30
848 760 939 818 =.A.
954 758 986 818 P.
1010 760 1061 820 XI.
1086 762 1159 818 255.

297 905 300 911 .
393 850 451 920 Qui
475 850 666 908 translatores
695 868 763 908 cum
790 867 886 924 neque
915 849 946 908 P.
970 868 1066 923 neque
1089 849 1134 907 Pl.
1157 849 1205 908 usi
1228 867 1288 908 esse
1312 850 1477 923 videantur,

301 959 393 1015 quam
418 960 483 1016 epp.
506 937 707 997 collectionem
736 939 768 995 in
795 937 930 996 manibus
957 937 1127 1008 habuerint,
1156 937 1215 995 alio
1238 938 1303 997 loco
1332 939 1477 1012 explicare

303 1029 439 1087 conabor.

394 1116 506 1186 Quibus
529 1116 618 1174 rebus
641 1115 812 1191 perquisitis
835 1115 1025 1192 cognovimus
1048 1115 1201 1172 Palladem
1224 1121 1255 1173 et
1281 1120 1478 1176 antecessores

299 1206 365 1264 fere
397 1205 471 1262 nihil
497 1204 648 1262 imitatum
675 1223 737 1263 esse
765 1208 795 1262 et
823 1222 876 1262 suo
903 1203 1020 1280 ingenio
1050 1204 1181 1262 carmina
1203 1205 1352 1279 scripsisse
1375 1208 1478 1262 contra

303 1294 447 1352 rationem
463 1294 646 1368 reliquorum
663 1293 1067 1369 epigrammatographorum.
1098 1293 1132 1350 Iu
1144 1293 1246 1367 primis
1256 1294 1292 1350 ab
1302 1293 1478 1352 auctoritate
1581 1357 1584 1362 ¹
1635 1313 1636 1328 ¹

303 1382 446 1458 praeclari
468 1382 549 1440 illius
573 1383 723 1440 Tarentini
751 1381 897 1439 Leonidae
925 1381 1136 1439 alienissimum
1169 1400 1199 1440 se
1230 1382 1393 1457 praestitit,
1426 1381 1479 1456 qui

300 1476 418 1546 quanta
440 1471 618 1529 auctoritate
641 1470 720 1546 apud
736 1474 903 1538 sectatores,
920 1470 992 1545 quin
1009 1470 1099 1528 etiam
1115 1471 1194 1544 apud
1211 1470 1478 1546 epigrammatistes
1497 1497 1501 1505 ¹

305 1564 373 1636 post
396 1559 547 1618 Palladem
570 1559 715 1634 florentes,
731 1559 809 1634 apud
826 1557 907 1634 (lycli
922 1558 1069 1634 Agathino
1085 1562 1196 1633 poetas,
1213 1559 1348 1633 valuerit,
1365 1564 1479 1618 constet

303 1650 382 1710 inter
409 1667 521 1722 omnes,
553 1651 589 1706 ut
616 1641 773 1723 Gefflreu²l
805 1648 870 1705 iure
898 1667 932 1706 ac
959 1647 1065 1706 merito
1089 1647 1244 1704 Palladem
1271 1648 1394 1724 dignum
1417 1664 1479 1706 esse

301 1741 421 1796 censeat
452 1737 568 1795 nomine
600 1739 663 1794 veri
693 1742 809 1812 poetae,
843 1755 901 1811 quo
930 1737 1046 1794 nomine
1070 1735 1205 1811 plerique
1229 1736 1479 1812 epigrammatarii

305 1825 451 1884 Leonidae
468 1825 627 1901 pedisequi
651 1825 765 1901 indigni
787 1825 853 1883 sint.

394 1914 543 1986 Pallados,
572 1931 639 1972 cum
667 1933 697 1971 se
725 1933 816 1988 paene
839 1913 965 1971 liberum
990 1913 1026 1971 ab
1042 1913 1227 1972 auctoritate
1252 1913 1477 1990 epigrammato-

305 2002 494 2078 graphorum,
519 2003 571 2077 qui
588 2003 774 2076 praecedunt,
790 1991 947 2077 praestit't,
970 2006 1036 2059 tum
1052 2003 1143 2060 libros
1159 2002 1284 2061 aliorum
1300 2003 1478 2077 scriptorum

302 2089 485 2150 Graecorum
503 2091 660 2168 diligenter
674 2091 874 2150 seversavisse
889 2110 955 2166 epp.
973 2091 1108 2149 ostendit.
1140 2091 1174 2148 In
1197 2091 1301 2165 primis
1316 2091 1480 2149 Homerum

305 2180 422 2256 penitus
452 2179 547 2250 novit,
579 2180 740 2256 perspexit,
774 2179 933 2254 exscripsit.
978 2177 1043 2238 Non
1067 2179 1155 2237 modo
1178 2179 1241 2237 eius
1269 2180 1395 2250 fabulas,
1428 2178 1480 2238 sed

301 2269 393 2326 etiam
416 2269 527 2344 figuras
550 2274 580 2326 et
602 2269 720 2342 formas,
744 2269 807 2328 eius
830 2267 987 2343 proverbia
1010 2274 1040 2326 et
1062 2267 1228 2338 sententias,
1253 2271 1315 2326 eius
1337 2267 1481 2344 imagines

307 2361 338 2414 et
364 2361 479 2431 tropos,
507 2375 646 2432 persaepe
674 2362 754 2415 totos
783 2375 884 2416 versus
908 2357 971 2415 eius
999 2357 1055 2414 sibi
1077 2356 1215 2432 adscivit,
1247 2375 1305 2415 non
1328 2374 1395 2414 raro
1418 2356 1481 2414 eius

305 2464 409 2503 nomen
439 2444 553 2514 laudat,
587 2445 624 2504 cf.
648 2465 714 2520 epp.
738 2445 787 2503 IX.
806 2446 879 2520 165,
896 2446 923 2503 7.
950 2447 1067 2517 ]66,1.
1100 2445 1136 2502 X.
1158 2446 1209 2506 47.
1232 2445 1283 2503 VI.
1301 2447 1352 2520 61,
1370 2447 1406 2514 5.,
1431 2443 1482 2504 sed

304 2534 482 2610 plerumque
504 2551 561 2591 uon
587 2551 663 2609 opus
685 2538 757 2608 arat,
782 2535 861 2609 quod
886 2533 991 2592 Graeci
1012 2533 1184 2593 habitabant
1206 2534 1237 2592 in
1252 2534 1335 2593 libris
1350 2533 1481 2592 Homeri.

306 2621 408 2697 Neque
431 2626 531 2680 temen
558 2623 683 2681 infacete
711 2623 841 2681 Homero
872 2623 983 2692 utitur,
1016 2623 1066 2680 sed
1100 2642 1184 2698 saepe
1217 2623 1327 2682 salsum
1360 2641 1482 2682 acumen

305 2711 428 2772 Homeri
459 2711 591 2770 versibus
619 2712 721 2782 adicit,
754 2713 789 2770 cf.
823 2732 887 2787 epp.
920 2711 972 2770 VI.
999 2712 1049 2770 61.
1087 2711 1141 2768 IX.
1168 2712 1240 2770 395.
1268 2711 1340 2771 484.
1373 2711 1409 2769 X.
1431 2711 1482 2770 47.

305 2802 368 2872 50,
396 2819 534 2875 persaepe
558 2801 621 2860 eius
645 2819 747 2859 versus
770 2801 906 2876 parodice
929 2800 1110 2876 perstringit,
1133 2801 1252 2858 initium
1275 2799 1379 2860 iliadis
1401 2819 1482 2876 prae·

303 2888 401 2963 cipue,
421 2889 500 2963 quod
519 2889 579 2946 iam
597 2889 774 2959 notavimus
794 2889 1138 2964 cf.epp.1x.168.169.
1152 2889 1224 2947 173.
1247 2889 1298 2949 Xl.
1316 2890 1389 2947 351.
1406 2889 1482 2963 App.

310 2977 338 3037 1.
360 2969 426 3035 alia.
473 2976 503 3034 Si
527 2979 632 3051 omnia,
666 2997 741 3052 quae
774 2978 910 3036 Pallados
943 2997 977 3036 ex
1009 2977 1131 3036 Homeri
1162 2977 1245 3036 libris
1278 2977 1412 3052 sumpsit,
1436 2977 1484 3034 bic

304 3065 438 3123 conferre
461 3065 575 3136 vellem,
599 3066 661 3123 fere
686 3067 783 3124 omnia
806 3086 872 3142 epp.
896 3066 1034 3124 Palladae
1057 3067 1255 3125 enumeranda
1279 3067 1351 3124 mihi
1380 3073 1482 3124 esseut.

396 3153 560 3213 Hesiodum
584 3173 703 3230 quoque
726 3155 831 3231 legisse
854 3175 922 3213 eum
951 3155 1057 3214 docent
1080 3175 1145 3230 epp.
1170 3155 1221 3213 lX.
1246 3156 1319 3214 165.
1348 3160 1378 3212 et
1402 3154 1483 3224 167,

305 3261 384 3318 quae
408 3243 444 3300 ad
461 3243 582 3302 Hesiodi
605 3262 651 3318 op.
668 3249 698 3301 et
714 3243 777 3302 dies
793 3263 820 3302 v.
837 3237 918 3320 57³),
944 3246 974 3300 et
997 3263 1041 3318 ep.
1058 3243 1092 3301 X.
1110 3245 1170 3315 89Ἰ
1195 3245 1274 3320 quod
1298 3244 1335 3302 ad
1358 3263 1385 3302 v.
1411 3244 1484 3302 763.

304 3331 438 3390 eiusdem
462 3331 531 3389 libri
554 3333 708 3407 pertinent.

396 3421 578 3480 Fabularum
601 3422 793 3496 antiquorum
815 3421 997 3498 tragicorum
1020 3439 1079 3479 non
1101 3426 1147 3481 est
1168 3422 1298 3498 ignarus
1322 3420 1485 3495 exquibus

308 3508 449 3568 nisurum
471 3510 501 3566 in
525 3501 675 3585 Euripidis
698 3510 858 3586 tragoediis
882 3511 1006 3568 maxime
1022 3515 1066 3568 est
1082 3515 1225 3581 versatus,
1241 3513 1277 3569 cf.
1294 3530 1339 3586 ep.
1355 3509 1407 3568 XI.
1425 3510 1485 3583 62,

305 3597 389 3672 quod
413 3616 447 3654 ex
470 3598 571 3673 Hurip.
595 3599 705 3658 Alcest.
729 3619 756 3657 v.
775 3600 855 3657 782:
871 3618 931 3674 seq.
956 3599 1094 3670 manavit,
1117 3598 1240 3658 fortasse
1265 3618 1309 3674 ep.
1326 3597 1394 3655 VII.
1411 3598 1484 3656 610.

308 3684 406 3743 verbis
430 3679 573 3756 Πενθεὺς
596 3719 640 3728 -
665 3682 872 3745 Πενθεσίλεια
899 3719 944 3728 -
967 3685 1091 3756 πένθος
1119 3685 1225 3746 ludens
1253 3687 1355 3767 Hurip.
1379 3686 1485 3746 Bacch.

305 3793 337 3832 a.
362 3773 435 3832 367.
459 3774 600 3832 meminit.
636 3774 678 3834 cf.
701 3779 854 3850 praeterea
877 3796 922 3851 ep.
945 3777 981 3835 X.
998 3778 1049 3834 95.
1073 3774 1172 3852 (121.)
1197 3793 1264 3835 cum
1279 3775 1382 3850 Eurip.
1398 3775 1485 3833 Rhes.

305 3882 356 3922 vv.
381 3863 454 3922 395.
478 3867 507 3921 et
532 3864 604 3922 396.

398 3952 441 4010 Ex
465 3953 628 4012 comoediis
646 3953 773 4028 sumpsit
795 3953 921 4014 fortasse
948 3957 1156 4030 argumentum
1181 3973 1225 4028 ep.
1254 3951 1305 4012 XI.
1330 3953 1416 4026 323,
1450 3952 1486 4010 cl.

305 4041 460 4117 Aristoph.
484 4042 571 4118 Vesp.
594 4062 621 4100 v.
646 4044 697 4100 45.

399 4195 421 4262 ¹)
441 4195 477 4249 of.
496 4194 608 4278 Peiper‚
628 4195 656 4251 J.
669 4195 697 4250 J.
718 4195 820 4266 Suppl.
837 4197 877 4249 ll.
896 4213 925 4265 p.
938 4195 999 4250 226.
1167 4255 1170 4259 ,

399 4264 421 4334 ²)
441 4265 585 4320 Leomdas
603 4282 660 4320 von
680 4266 794 4320 Terent.
814 4267 842 4322 J.
856 4267 883 4322 J.
903 4265 1003 4336 Suppl.
1018 4266 1061 4331 23,
1081 4284 1109 4335 p.
1125 4267 1184 4321 149.
1245 4288 1248 4297 ·

400 4335 421 4405 ⁸)
439 4336 504 4391 Nisi
517 4337 591 4391 forte
605 4354 641 4391 ex
650 4336 801 4408 Euripidis
813 4337 967 4408 Hippolyt.
981 4337 1117 4408 (Nauckii
1127 4337 1227 4391 Frflr.
1240 4335 1289 4391 Gr.
1300 4336 1400 4407 Eurip.
1413 4335 1487 4403 429.)

307 4405 404 4475 fluxit,
423 4405 502 4477 quod
519 4407 623 4462 Nauck
642 4409 757 4464 conicit.
