3372 5210
689 298 912 356 -15-

215 479 374 556 reperitur,
396 479 427 536 id
448 477 527 552 qued
551 476 669 534 maximi
686 480 730 534 est
745 475 894 548 momenti,
918 475 949 531 in
965 474 1093 551 genuina
1116 474 1166 532 illa
1183 474 1311 548 epitoma
1326 493 1391 549 pre·

214 568 386 627 verbiorum
422 565 553 639 Zenobii,
586 585 676 640 quem
708 564 807 622 Miller
837 564 952 638 primus
989 562 1102 622 invenit
1140 556 1324 640 ediditque¹)
1363 565 1393 619 et

215 657 375 734 genuinam
407 673 468 713 esse
500 653 623 713 Grusius
661 646 912 730 demonstravit.²)
967 651 1042 710 Sum
1080 651 1225 710 Zenebius
1264 650 1392 727 syllegae

216 744 432 821 paroemiorum
448 743 558 802 Lucilli
574 742 714 800 Terrhaei
738 745 768 800 et
783 741 906 816 Didymi
930 744 1106 816 excerperet,
1130 741 1186 799 hec
1202 739 1392 816 proverbium

218 854 252 892 ex
276 833 368 891 altera
391 833 497 890 harum
519 832 700 907 syllogerum
720 830 840 889 fluxisse
865 834 917 905 pat
935 833 955 888 t.
1001 829 1107 904 Itaque
1128 829 1184 888 hec
1203 828 1391 905 proverbium

217 926 284 981 ante
312 921 466 979 Palladem
494 924 591 978 ertum
620 939 715 994 neque
743 919 793 976 ab¹
813 937 847 976 eo
879 919 992 977 factum
1026 937 1087 978 esse
1120 918 1309 976 menifestum
1342 920 1393 976 est.

217 1011 259 1069 Ut
281 1010 389 1068 lemma
413 1002 567 1066 Παλλαόἇ
591 1008 781 1074 declaremus,
805 1008 970 1083 putandum
995 1010 1052 1077 est,
1080 1006 1137 1065 nisi
1167 1003 1245 1065 ferte
1268 1005 1393 1064 scribam

217 1099 370 1176 diligentia
403 1098 531 1156 caruisse
563 1097 756 1168 arbitremur,
788 1116 869 1171 eum,
903 1097 955 1171 qui
997 1095 1107 1153 librum
1145 1095 1195 1155 ΧΙ.
1224 1096 1303 1155 anth.
1332 1094 1394 1153 Pel.

218 1188 351 1264 collegit,
380 1187 436 1245 hee
459 1185 649 1261 proverbium
673 1187 703 1242 in
732 1185 847 1262 sylloge
870 1181 1032 1242 Palladane
1059 1184 1205 1244 invenisse
1233 1189 1263 1242 ot
1290 1203 1394 1242 nemen

218 1278 348 1352 syllegae
373 1275 546 1350 adpinxisse.
593 1274 734 1333 Similiter
757 1274 815 1332 iera
841 1274 986 1350 Weigand
1011 1272 1079 1350 (Rh.
1095 1275 1133 1330 M.
1159 1274 1242 1331 1845
1267 1292 1295 1347 p.
1319 1271 1395 1348 565)

218 1364 397 1424 existimavit
423 1364 486 1422 veri
515 1363 638 1422 similius
667 1382 730 1422 esse
758 1363 915 1438 Cephalum
946 1363 1117 1422 collectione
1141 1361 1279 1419 Palladee
1307 1380 1396 1420 usum

220 1471 281 1512 esse
320 1472 409 1528 quem
447 1452 524 1510 hanc
563 1452 737 1510 sententiam
777 1472 811 1509 ex
850 1451 969 1510 Zenobii
1007 1451 1084 1509 libre
1123 1451 1187 1526 ipse
1227 1450 1395 1525 sumpsisse.

219 1542 458 1600 Praetermittere
481 1542 549 1599 nolo
573 1541 734 1599 Stebaeum
759 1559 877 1616 quoqne
901 1560 935 1596 cx
960 1541 1062 1614 paucis
1087 1559 1166 1615 epp,
1195 1558 1270 1614 quae
1294 1539 1397 1596 eadem

219 1635 307 1706 atque
323 1630 510 1706 anthologiee
521 1623 658 1706 1101113),
674 1630 730 1686 hec
742 1628 931 1703 proverbium
948 1629 1093 1702 recepisse
1110 1628 1161 1687 sed
1176 1646 1244 1685 cum
1258 1628 1396 1685 lemmate

218 1711 352 1797 Ὁμήρου
368 1710 581 1792 'cccccccccc
614 1716 773 1774 Stobeeum
795 1735 862 1774 cum
882 1717 1049 1792 1111110000.
1066 1717 1237 1775 collectione
1252 1715 1396 1785 uteretur,

220 1809 274 1864 hee
299 1825 419 1881 queque
442 1805 632 1880 proverbium
657 1806 775 1863 aliunde
791 1805 923 1864 hausisse
939 1805 1043 1881 liquet.
1075 1806 1237 1881 Pleraeque
1255 1805 1397 1864 editiones

220 1896 265 1953 Pl.
288 1895 393 1952 merite
416 1894 472 1952 hec
496 1914 540 1969 ep.
564 1883 679 1974 ἄδηλον
701 1894 923 1969 inscripserunt.

310 1982 478 2041 Sententiae
502 1979 544 2042 X.
569 1978 632 2045 106
654 1984 685 2041 in
709 1985 742 2042 P.
759 1990 789 2042 et
811 1985 855 2042 Ρ1.
879 1985 988 2042 lemma
1011 1982 1172 2063 παροιμία
1196 1975 1253 2042 ἐπὶ
1282 2001 1309 2041 κ.
1325 2001 1353 2039 τ.
1371 1977 1397 2041 λ.
1438 2037 1439 2040 ,

221 2076 265 2130 001
292 2072 409 2130 nomine
438 2072 566 2130 auctoris
594 2091 652 2130 nen
680 2073 793 2148 addite;
827 2074 889 2131 sela
917 2073 1008 2130 editio
1037 2073 1169 2130 Lescaris
1193 2074 1212 2130 1.
1237 2090 1261 2130 e.
1291 2070 1399 2128 Aldine

221 2161 357 2236 princeps
395 2160 534 2219 Palladee
572 2161 686 2219 tribuit.
748 2161 843 2229 Quem
882 2161 1040 2219 editionem
1077 2160 1194 2219 fluxisse
1227 2179 1261 2216 ex
1298 2155 1397 2218 codice

221 2249 364 2307 vitiorum
387 2250 488 2322 plene,
517 2249 568 2322 qui
596 2249 669 2306 nihil
696 2266 750 2322 pro
774 2249 959 2324 autographo
982 2249 1027 2309 Pl.
1051 2249 1178 2326 valeret,
1206 2247 1328 2324 Dilthcy
1351 2248 1398 2306 de·

223 2331 440 2410 monstraviu).
463 2337 599 2394 Fortasse
623 2355 728 2394 nemen
756 2331 912 2396 Hellade}
936 2358 970 2396 ex
998 2337 1086 2396 verbe
1115 2336 1276 2418 παροιμία
1304 2337 1396 2414 negli·
1451 2359 1453 2363 ·

223 2425 322 2501 gentia
345 2423 459 2482 librarii
482 2428 631 2484 mutatum
655 2430 708 2485 est.

312 2514 470 2571 Praeterea
492 2515 633 2572 nonnulla
656 2535 721 2591 epp.
738 2516 875 2574 Palladee
891 2517 922 2573 in
937 2516 1157 2591 paroemiorum
1178 2514 1399 2574 collectionibus

223 2602 428 2677 reperiuntur,
468 2622 543 2678 quae
581 2606 650 2678 post
685 2601 838 2662 Palladem
877 2606 928 2662 hes
963 2606 994 2662 in
1030 2605 1158 2680 syllegae
1193 2605 1302 2662 inserta
1338 2621 1399 2661 esse

224 2695 358 2765 apertum
387 2694 438 2749 cst.
486 2691 550 2760 Qua
578 2692 614 2748 de
643 2712 674 2749 re
702 2693 786 2750 nobis
814 2693 892 2749 infra
920 2693 1040 2750 uberius
1068 2692 1258 2750 tractandum
1286 2691 1343 2748 erit
1370 2691 1400 2747 in

224 2799 286 2854 cap.
303 2780 355 2838 IV.
1251 2827 1254 2833 .

313 2867 386 2923 Post
414 2886 458 2940 ep.
487 2866 538 2924 lX.
564 2869 625 2925 503
657 2887 757 2927 versus
785 2867 925 2928 Nicandri
953 2873 1048 2928 exstat
1075 2870 1107 2927 in
1135 2871 1167 2927 P.
1191 2890 1219 2929 n.
1243 2870 1261 2926 l.
1291 2869 1343 2944 qui
1370 2869 1400 2926 in

226 2954 290 3011 cdd.
313 2954 359 3010 Pl.
384 2958 415 3011 et
438 2955 616 3030 apographis
639 2957 816 3032 quibusdem
839 2959 978 3017 Palladee
1001 2958 1195 3028 adscribitur,
1218 2958 1298 3016 haud
1320 2960 1400 3016 reete

214 3043 377 3117 nimirum,
406 3042 529 3102 fortasse
554 3046 633 3120 quod
658 3047 735 3104 oculi
759 3048 871 3106 scribae
899 3048 1074 3107 aberrabant
1102 3049 1138 3106 ab
1167 3068 1232 3123 epp.
1261 3047 1399 3104 Palladee

224 3131 475 3206 praecedentibus

313 3221 367 3296 110.
391 3221 460 3278 VII.
483 3217 548 3283 339
571 3223 627 3281 hec
650 3223 770 3294 lemma,
795 3226 874 3300 qued
898 3227 981 3285 nobis
1010 3247 1074 3302 epp.
1098 3225 1238 3283 Palladee
1267 3243 1399 3299 perscru-

225 3309 357 3367 tantibus
374 3311 483 3367 summi
498 3314 543 3370 est
557 3313 706 3385 momenti,
732 3315 841 3388 quade
865 3334 896 3372 re
920 3313 989 3374 vide
1012 3315 1091 3372 infre
1114 3315 1202 3371 finem
1226 3333 1287 3387 cap.
1304 3312 1360 3388 ΠΙ,
1384 3332 1400 3368 a

226 3398 320 3454 scribe
342 3397 367 3454 L
391 3399 573 3473 adscriptum
594 3404 650 3458 cst:
675 3392 790 3479 ἄδηλον
813 3395 870 3459 ἐπὶ
892 3402 953 3459 τίνι
976 3399 1072 3460 τοῦτο
1095 3397 1293 3480 γέγραπταιτ
1316 3394 1400 3480 πλὴν

227 3474 333 3566 teate
356 3491 423 3553 τοῖς
445 3480 503 3542 τοῦ
520 3481 674 3544 Hellade}
697 3481 937 3566 ἐπιγράμμασιν
952 3483 1071 3571 εὑρέθη
1087 3490 1241 3567 κείμενον·
1273 3485 1400 3571 μήποτε

226 3565 260 3630 δὲ
283 3567 464 3631 Λουκιανοῦ
487 3565 612 3650 caveat)
658 3576 701 3647 Ei,
726 3578 778 3651 qui
801 3598 876 3654 quae
892 3580 935 3636 Pl.
957 3581 1118 3649 tradiderit,
1135 3584 1248 3655 notent,
1269 3581 1400 3639 dissenti·

225 3664 288 3721 unt.
334 3660 565 3721 Stadtmuellere
589 3667 664 3722 teste
688 3685 733 3740 ep.
759 3667 821 3725 339
850 3668 879 3725 in
908 3669 951 3728 Pl.
975 3664 1028 3727 Ilb
1047 3691 1076 3745 p.
1099 3670 1259 3730 89²nnlle
1284 3669 1401 3733 nemine

226 3750 355 3808 auctoris
383 3750 485 3809 addite
509 3759 553 3811 est
575 3753 706 3829 primum
730 3775 774 3830 ep.
798 3757 901 3832 cepitis
925 3759 1086 3819 cuiusdam.
1133 3760 1186 3834 Ep.
1211 3759 1291 3834 qued
1319 3775 1400 3833 prae·

316 3957 336 4023 ¹)
355 3957 462 4040 Miller,
482 3959 627 4028 melanges
646 3959 682 4014 de
701 3961 730 4014 la
748 3962 911 4017 litterature
931 3963 980 4019 Gr.
1012 3984 1040 4035 p.
1055 3966 1114 4018 341.

315 4025 337 4164 ἔρ
357 4027 637 4153 Shhluliiaaldiretiiiir
653 4032 759 4157 cpiftippy
773 4033 810 4116 ad
829 4036 1102 4162 pprelerpiegrpppes
1122 4036 1257 4091 Graecos.

315 4165 336 4235 ⁴)
356 4138 475 4221 Stobaei
493 4145 712 4242 Florileg.’cep.
727 4122 854 4242 Olilffall
869 4125 1079 4245 1110111111(
1099 4196 1160 4248 cap.
1174 4180 1227 4250 45.)

315 4237 336 4305 ⁶)
356 4238 597 4295 Ι11(1.1001101111111
617 4242 747 4314 Gotting.
786 4247 824 4299 Η.
839 4248 866 4302 S.
889 4249 995 4318 189112.

275 4378 280 4389 .
317 4308 337 4378 ⁶)
357 4309 564 4392 Stadtmueller
577 4316 739 4370 accuratius
758 4317 908 4373 adnotavit
927 4320 996 4376 0(1.Ι
1010 4322 1098 4391 praef.
1120 4340 1146 4391 p.
1161 4322 1237 4376 XIX
1256 4321 1400 4392 quomode

228 4377 321 4430 scr1ba
340 4382 493 4451 scrrpserit.
