3372 5210
683 328 901 386 -79-

297 507 466 566 Sententiae
490 525 608 581 quoque
635 499 738 576 πλοῦς
761 499 919 584 σφαλερὸς
942 498 980 564 τὸ
1002 499 1058 584 ζῆν
1081 525 1125 581 ep.
1147 508 1183 566 X.
1209 508 1258 565 65.
1287 499 1380 586 σκηνὴ

207 589 275 668 πᾶς
299 587 316 656 ὃ
339 589 411 673 βίος
425 591 479 653 καὶ
501 592 650 672 παίγνιον
673 615 717 669 ep.
740 595 774 651 X.
794 595 853 666 72..
876 613 949 671 quas
973 595 1108 654 Palladae
1131 613 1273 671 persaepe
1296 595 1382 653 trivit

208 680 256 764 (cf.
283 685 319 742 X.
349 685 400 743 80.
423 685 480 742 alia
511 683 617 756 multa]
650 684 729 758 apud
757 685 865 742 multos
898 683 971 742 alios
999 685 1156 759 scriptores
1180 683 1379 759 reperiuntur,

208 791 283 848 quos
305 772 426 843 Jacobs,
455 791 559 831 comm.
587 772 675 830 huius
703 791 748 847 ep.
767 766 971 850 enumeratl),
1000 793 1044 848 ep.
1067 774 1103 831 X.
1129 773 1179 831 73.
1205 773 1312 831 similia
1334 772 1378 830 in·

207 861 338 920 venimus
361 862 420 919 iam
443 861 522 937 apud
545 860 728 936 Sophoclem,
751 860 915 918 Lucianurn
939 861 1011 920 alios
1034 862 1154 936 multos,
1178 862 1250 919 item
1267 862 1302 921 X.
1320 863 1379 935 45„

207 951 286 1035 quod
309 956 476 1025 postremus
500 949 628 1008 Joanues
652 948 811 1025 Georgides
835 950 858 1008 I.
881 970 910 1025 p.
936 951 986 1008 76.
1015 953 1126 1008 mutat:
1162 941 1265 1030 πηλὸς
1288 941 1381 1024 ἔσμεν

207 1031 350 1108 ἅπαντες
373 1029 546 1117 ἅνθρωποι
568 1057 595 1097 κ.
607 1056 634 1095 τ.
650 1033 677 1096 λ.
849 1043 852 1051 ’
1459 1043 1463 1050 ’

295 1126 409 1186 Gnome
441 1145 559 1202 quoque
591 1121 676 1184 λάθε
708 1121 826 1203 βιώσας
851 1147 895 1202 ep.
923 1127 1061 1185 Palladae
1088 1127 1152 1186 XV.
1183 1129 1244 1201 20.
1275 1120 1380 1204 γνῶθι

207 1210 340 1274 σεαυτόν
362 1235 407 1291 ep.
435 1215 486 1274 XI.
512 1217 584 1274 349.
613 1220 735 1290 excepta
758 1219 815 1286 est;
839 1233 942 1274 versus
965 1209 1192 1294 Hipponactis²)
1216 1236 1233 1274 a
1257 1215 1380 1273 Pallada

83 1355 86 1362 .
207 1323 252 1379 ep.
268 1304 318 1362 XI.
336 1305 410 1362 381.
434 1305 541 1362 mutati
563 1304 594 1361 in
618 1303 787 1363 collectione
810 1304 1034 1380 proverbiorum
1057 1304 1170 1380 recepti
1190 1309 1259 1364 sunt
1274 1305 1378 1380 Apost.

206 1392 258 1451 VI.
282 1393 345 1451 38ο
369 1411 436 1451 cum
459 1393 575 1450 nomine
598 1393 736 1451 auctoris.
1209 1459 1212 1465 ¹

295 1481 376 1540 Haec
398 1487 469 1540 sunt
490 1482 646 1556 proverbia
669 1500 686 1537 a
709 1481 829 1539 Pallada
852 1482 882 1539 in
906 1501 972 1558 epp.
994 1482 1055 1540 suis
1077 1481 1217 1556 adhibita,
1249 1499 1325 1557 quae
1349 1484 1380 1538 et

205 1571 236 1628 in
258 1569 476 1646 paroemiorum
501 1571 622 1646 syllogis
645 1569 729 1628 nobis
752 1570 876 1630 servatis
900 1576 930 1628 et
951 1570 988 1627 ab
1012 1569 1231 1645 antiquioribus
1254 1569 1377 1645 scripto·

205 1658 287 1718 ribus
320 1662 595 1718 commemorantur.
640 1656 759 1716 Novum
786 1658 975 1734 proverbium
999 1660 1150 1717 lucramur
1179 1677 1213 1716 ex
1241 1657 1378 1716 Palladae

205 1767 249 1822 ep.
272 1748 308 1804 X.
326 1749 385 1817 48..
408 1747 488 1822 quod
512 1747 608 1806 adhuc
630 1747 761 1804 nondum
784 1747 815 1804 in
838 1747 1002 1822 proverbiis
1025 1751 1211 1807 numeratum
1237 1751 1297 1806 est:

296 1829 431 1914 Μήποτε
454 1828 647 1893 ὄουλεύσασα
663 1827 740 1916 γυνὴ
756 1828 906 1894 δέσποινα
922 1833 1051 1913 γένοιτο,

364 1916 429 1982 ἐστὶ
452 1919 679 2002 auscultanda.

294 2013 397 2071 Restat
411 2016 447 2071 ut
461 2017 689 2088 perscrutemur,
707 2032 765 2088 qua
780 2013 993 2072 necessitudine
1004 2014 1140 2072 Palladas
1156 2033 1223 2072 cum
1238 2013 1377 2071 Romanis

205 2101 539 2178 epigrammatographis
567 2102 741 2171 coniunctus
773 2102 819 2160 sit.
866 2101 941 2160 Cum
968 2102 1102 2161 Martiale
1131 2102 1203 2159 nihil
1231 2101 1287 2160 nisi
1314 2102 1377 2159 vul-

205 2209 289 2266 geres
317 2191 477 2249 sententiae
498 2187 638 2248 Pallados
666 2209 835 2249 communes
859 2200 941 2265 sunt,
970 2210 1046 2266 quae
1069 2190 1206 2250 omnibus
1230 2190 1377 2265 epigram-

204 2279 338 2336 matariis
360 2281 390 2335 in
414 2278 525 2337 deliciis
549 2285 641 2355 erant,
666 2278 703 2336 cf.
720 2279 864 2337 Martialis
887 2299 932 2354 ep.
957 2280 978 2338 I.
1002 2280 1051 2337 15.
1076 2299 1143 2338 cum
1166 2276 1308 2336 Palladae
1332 2299 1376 2353 ep.

204 2367 255 2423 XI.
280 2368 330 2424 62.
355 2368 449 2424 multa
471 2367 535 2425 alia.

293 2455 455 2526 Ausonius,
485 2475 573 2531 quem
601 2476 665 2531 epp.
689 2457 750 2514 suis
778 2476 843 2532 epp.
873 2455 983 2515 Graeca
1009 2457 1158 2514 imitatum
1188 2474 1249 2514 esse
1272 2459 1376 2513 notum

205 2536 290 2622 est³)‚
313 2548 348 2602 ut
371 2548 434 2602 erat
448 2545 581 2620 aequalis
603 2545 697 2603 maior
720 2550 791 2603 natu
812 2545 957 2613 Palladae,
980 2565 1038 2604 non
1061 2546 1157 2604 solum
1181 2565 1246 2620 epp.
1269 2544 1377 2602 abhoc

204 2631 309 2691 iuvene
337 2633 453 2708 scriptis
476 2633 521 2690 uti
544 2634 657 2708 potuit,
685 2634 736 2692 sed
760 2634 848 2692 etiarn
876 2645 912 2690 ut
934 2653 952 2691 a
974 2634 1096 2691 Pallada
1122 2634 1283 2691 imitandus
1307 2651 1374 2707 pro-

204 2725 371 2795 poneretur,
403 2721 467 2779 fieri
489 2722 596 2797 potuit.
643 2722 681 2779 Et
703 2741 735 2779 re
764 2741 834 2781 vera
862 2727 932 2780 sunt
956 2723 1100 2796 quaedam
1129 2741 1195 2797 opp.
1218 2721 1376 2796 utriusque

205 2812 317 2884 poetae,
341 2828 415 2884 quae
439 2811 534 2884 primo
559 2811 668 2869 obtutu
689 2810 766 2868 iuter
789 2829 819 2868 se
843 2811 997 2868 cohaerere
1020 2811 1188 2870 videantur:
1211 2810 1376 2868 invenimus

205 2917 228 2955 e.
252 2917 280 2974 g.
303 2898 463 2957 infacetum
486 2899 571 2957 illurn
595 2898 632 2956 de
654 2899 811 2974 generibus
834 2899 933 2957 lusum
957 2919 1001 2974 ep.
1017 2899 1069 2957 IX.
1086 2901 1159 2958 489.
1184 2899 1272 2957 etiam
1296 2898 1376 2974 apud

204 2985 369 3044 Ausonium
394 3007 438 3063 ep.
455 2989 506 3045 46.
530 2986 586 3063 (ed.
600 2987 778 3064 Schenlrelii)
795 3006 842 3046 vv.
860 2992 888 3046 5.
905 2993 934 3045 et
951 2990 979 3046 6.
1010 2987 1067 3047 Sed
1091 2989 1146 3048 hoo
1166 2996 1375 3064 argumentum

204 3093 262 3132 non
286 3077 383 3134 solum
407 3075 452 3133 his
475 3096 540 3151 epp.
563 3082 717 3146 tractatur,
742 3077 904 3134 sedetiam
928 3078 1070 3152 permulti
1093 3083 1164 3137 sunt
1185 3085 1300 3152 poetae,
1324 3077 1376 3152 qui

204 3164 395 3222 imitabantur
410 3165 463 3223 has
484 3165 638 3224 infacetias'
660 3184 740 3224 more
757 3166 844 3224 huius
868 3167 941 3240 aevi,
965 3167 1125 3243 exquibus
1147 3166 1232 3224 nohis
1255 3185 1321 3241 epp.
1345 3166 1376 3222 in

204 3251 387 3312 Boissonadii
411 3254 511 3312 anecd.
535 3252 585 3312 Gr.
601 3253 640 3313 II.
658 3255 730 3313 478.
748 3257 777 3312 et
801 3255 830 3311 in
854 3255 964 3312 anthol.
979 3255 1043 3312 Lat.
1060 3256 1117 3329 (ed.
1134 3254 1236 3329 Riesii)
1260 3254 1284 3312 I.
1302 3253 1375 3327 128,
1481 3261 1483 3263 ’

203 3359 247 3415 ep.
266 3342 338 3400 109.
362 3346 479 3401 servata
502 3345 584 3411 sunt;
608 3346 707 3401 conler
730 3348 759 3400 et
782 3342 877 3401 simile
901 3361 946 3416 ep.
970 3343 1092 3402 Luciani
1108 3342 1159 3400 VI.
1186 3342 1235 3400 17.
1269 3341 1374 3416 Itaque

203 3448 271 3486 cum
303 3431 359 3488 hoc
390 3438 597 3506 argumentum
635 3430 970 3506 epigrammatographis
1002 3431 1248 3506 gratiosissimum
1281 3429 1375 3488 fuisse

203 3518 363 3587 videamus,
386 3519 511 3576 alterum
537 3519 662 3576 alterum
687 3519 871 3594 exscripsisse
894 3537 953 3576 non
978 3524 1023 3578 est
1048 3519 1259 3579 coniciendum.
1292 3518 1375 3576 Simi-

202 3605 269 3664 liter
285 3625 331 3664 res
348 3625 378 3664 se
394 3606 484 3664 habet
500 3607 529 3664 in
539 3607 663 3665 Ausonii
678 3627 744 3682 epp.
755 3610 805 3665 47.
823 3611 852 3665 et
868 3609 918 3666 48.
935 3611 966 3666 et
982 3609 1119 3667 Palladae
1136 3629 1181 3684 ep.
1196 3608 1276 3668 XVI.
1293 3607 1374 3677 317..

210 3695 235 3753 si
258 3695 346 3766 mods
369 3695 506 3752 Palladae
530 3699 585 3770 est,
614 3696 722 3770 quibus
750 3697 845 3754 malus
867 3698 968 3756 rhetor
990 3697 1133 3756 illuditur.
1180 3697 1265 3766 Quod
1289 3715 1374 3773 argu·

202 3789 333 3843 mentum
357 3803 425 3842 eum
448 3785 597 3842 Ausonius
620 3786 681 3860 ipse
704 3783 749 3843 bis
772 3789 934 3860 permutat,
958 3791 1023 3844 tum
1046 3787 1095 3844 alii
1119 3792 1223 3862 poetae
1247 3789 1375 3843 tractant

203 3892 267 3948 epp.
291 3873 341 3930 XI.
360 3874 431 3931 145.
448 3864 568 3946 u'ds‘ort.
586 3875 657 3932 151.
675 3865 795 3946 dison.
810 3874 890 3932 XVI.
916 3875 988 3933 318.
1005 3867 1115 3932 u'de‘urr.
1150 3874 1234 3931 Unde
1250 3876 1375 3948 apparet

202 3961 258 4019 hoc
285 3966 491 4038 argumentum
521 3962 785 4039 epigrammatariis
812 3963 842 4020 in
870 3963 982 4022 deliciis
1010 3963 1109 4022 fuisse.
1155 3963 1282 4036 Reliqua
1310 3961 1373 4019 Pal-

248 4201 254 4213 ·
291 4132 312 4200 ¹)
336 4132 441 4185 Postea
464 4132 599 4202 migravit
621 4133 653 4186 in
677 4132 811 4187 Gnomol.
854 4133 977 4187 Joannis
1000 4132 1150 4204 Georgid.,
1179 4130 1258 4201 quod
1281 4129 1374 4186 edidit

202 4201 874 4343 Bmssafffefflefflrwes.331&ngfrgt.
893 4276 937 4330 29.

290 4345 311 4412 8)
335 4344 379 4399 Of.
403 4346 537 4415 exempla
559 4363 590 4400 ιιι
614 4344 677 4399 edd.
701 4346 868 4400 Schenkelii
892 4353 921 4400 et
944 4346 1060 4416 Peiperi
1083 4345 1196 4414 addita,
1225 4350 1373 4415 praeterea

202 4413 473 4482 Teuffel-Schwabe,
491 4417 525 4472 R.
545 4417 577 4471 L.
598 4415 633 4473 G.
652 4417 714 4485 421,
727 4418 778 4486 2⁸,
797 4416 978 4471 Salrolowslri
997 4417 1015 4470 l.
1035 4417 1054 4472 I.
1073 4435 1100 4489 p.
1115 4418 1158 4472 66.
