3372 5210
760 348 982 406 -70-

519 483 534 513 ἢ

286 547 352 602 111.
381 527 583 597 11111111111,
615 527 651 587 cf.
679 546 703 586 c.
731 547 760 604 g.
787 545 909 586 corones
940 528 1094 604 Meleagri,
1126 527 1271 604 Philippi,
1303 528 1459 605 Agathiac,

285 634 344 675 uon
368 616 489 693 negabis
512 616 558 674 bis
580 615 679 675 verbis
702 615 822 674 concedi
845 617 973 675 aliorum
996 636 1114 692 quoque
1136 623 1292 692 poetarum
1316 637 1381 693 epp.
1404 617 1460 676 bac

285 705 316 762 in
341 705 513 764 collectione
542 709 661 780 recepta
684 723 755 764 esse.
799 704 896 764 Immo
919 723 989 764 vero
1016 705 1097 780 quod
1123 705 1263 764 librarius
1285 707 1407 765 verbose
1430 711 1460 765 et

286 796 424 853 accurate
446 799 550 852 contra
572 793 813 853 cousuetudinem
835 795 961 863 fontem,
985 794 1038 851 ubi
1061 795 1118 852 hoc
1140 813 1185 869 ep.
1208 795 1363 864 invenerit,
1386 795 1459 853 indi·

286 886 346 950 cat,
379 883 502 941 suadere
529 883 649 940 videtur
680 882 755 941 hauc
787 883 987 942 collectionem
1015 901 1075 942 nou
1102 901 1169 959 epp.
1197 883 1336 942 Palladae
1367 885 1459 943 solius

286 971 550 1048 comprehendisse,
572 992 640 1029 uam
659 971 801 1047 Gephelas
820 975 873 1030 aut
894 971 929 1045 11,
953 973 1004 1046 qui
1026 973 1083 1031 hoe
1105 971 1237 1030 scholion
1253 972 1334 1049 iecit,
1357 973 1382 1032 si
1404 974 1459 1032 boc

286 1061 385 1136 epin
409 1079 490 1118 mera
513 1060 631 1136 sylloge
654 1080 719 1136 epp.
735 1061 875 1119 Palladae
899 1061 1066 1131 invenisset,
1090 1055 1459 1137 111111111111111111111-

285 1150 372 1226 sisset
394 1149 438 1207 ita
458 1152 495 1208 11
517 1149 555 1207 ad
577 1149 694 1224 reliqua
718 1169 785 1225 epp.
808 1150 918 1219 omnia3
943 1150 993 1208 sed
1012 1167 1047 1208 eo
1070 1149 1151 1224 quod
1173 1153 1237 1208 tam
1259 1151 1377 1226 copiose
1395 1150 1459 1209 fon-

285 1243 347 1296 tem
375 1239 504 1311 1111111,
532 1238 671 1297 librarius
698 1238 863 1314 siguificare
886 1238 984 1297 voluit
1009 1239 1066 1298 hoc
1092 1238 1158 1297 loco
1183 1239 1219 1296 de
1246 1239 1313 1298 eliis
1340 1257 1459 1316 qnoque

284 1327 380 1402 poetis
404 1327 528 1403 cogitari
551 1345 645 1402 posse,
670 1331 785 1385 certum
808 1328 911 1386 saltem
936 1345 993 1385 nou
1013 1346 1082 1400 csse,
1105 1332 1208 1394 utrum
1231 1329 1459 1404 1111111111-

285 1416 339 1474 dae
362 1419 439 1475 esset
460 1435 559 1474 necne.

375 1505 498 1564 Accedit
520 1505 600 1580 quod
624 1505 662 1563 ad
684 1505 741 1562 hoc
764 1504 895 1564 scholion
911 1505 982 1564 hacc
996 1504 1087 1564 rerba
1109 1505 1210 1563 addita
1225 1509 1309 1564 suut:
1331 1501 1459 1584 μήποτε

284 1587 503 1652 111111111νοῦ
519 1585 628 1652 Γἐστιν]
655 1593 929 1666 ,fortasseLuciaui
940 1597 1015 1654 est‘.
1048 1593 1079 1652 Si
1089 1613 1143 1668 pro
1153 1599 1234 1654 certo
1250 1613 1359 1670 ponere
1368 1596 1458 1670 possi-

284 1701 351 1740 mus
373 1683 446 1742 baec
468 1682 558 1742 verba
580 1683 618 1742 ab
642 1681 745 1741 eodem
768 1682 868 1741 addita
891 1700 962 1756 esse,
990 1703 1008 1740 1
1031 1701 1090 1758 quo
1113 1682 1215 1754 verba,
1244 1703 1320 1758 qnae
1342 1703 1458 1760 praecc-

285 1771 368 1844 duut,
393 1791 428 1829 ea
446 1790 521 1846 quae
537 1773 715 1830 coniecimus
731 1772 883 1830 Palladem
906 1790 964 1830 uon
981 1772 1079 1830 solnm
1102 1791 1156 1831 sua
1178 1772 1273 1848 ipsius
1296 1773 1346 1832 sed
1370 1773 1458 1830 etiem

285 1860 411 1917 aliorum
435 1865 591 1935 poetarum
615 1881 680 1936 epp.
703 1861 734 1916 in
756 1860 860 1935 primis
884 1860 1007 1920 Luciaui
1030 1861 1182 1938 collegisse
1204 1861 1259 1920 hec
1283 1862 1314 1919 iu
1337 1862 1459 1938 sylloge,

284 1948 402 2024 egregie
426 1947 627 2007 demonstrata
642 1949 709 2007 siut.
747 1951 789 2007 At
812 1949 884 2008 baec
899 1950 989 2010 verba
1003 1951 1092 2008 etiarn
1108 1969 1125 2008 a
1147 1951 1309 2009 recentiore
1329 1951 1459 2026 quodam

285 2037 404 2095 librario
429 2037 530 2095 addita
553 2057 614 2096 csse
637 2042 771 2114 possunt,
795 2039 847 2112 qui
871 2038 926 2097 hoc
949 2058 995 2113 ep.
1017 2039 1157 2115 impium,
1186 2059 1253 2097 cum
1277 2059 1298 2096 a
1318 2058 1377 2114 quo
1400 2039 1458 2098 fac·

282 2129 349 2183 tum
372 2131 455 2196 esset,
479 2132 559 2185 certo
582 2146 640 2185 non
663 2129 799 2186 notatum
823 2146 885 2186 esse
908 2128 1028 2202 legeret,
1051 2126 1191 2200 Luciauo,
1215 2129 1268 2203 qui
1290 2127 1457 2186 recentiori-

282 2215 339 2273 bus
371 2215 539 2274 bominibus
572 2215 745 2276 Christianis
777 2217 887 2292 impius
919 2216 1083 2274 habebatur
1113 2209 1311 2291 κατ’ἒξοχήν,
1342 2216 1457 2276 tribuit.

282 2304 388 2378 ltaque
417 2324 452 2362 11
478 2305 524 2363 his
552 2306 650 2363 verbis
677 2306 765 2381 plura
793 2305 910 2364 efficere
941 2323 1000 2363 nou
1030 2306 1113 2380 licet,
1146 2305 1320 2381 priusquam
1348 2310 1458 2380 quanta

281 2392 353 2451 fides
376 2385 421 2450 'eis
443 2393 576 2454 habende
598 2395 645 2467 sit,
669 2394 845 2470 explicatum
870 2398 922 2454 est.

372 2481 567 2557 Inspiciamus
582 2502 669 2555 nunc,
686 2479 745 2559 quo
761 2484 827 2542 loco
842 2486 936 2542 exstet
952 2503 1007 2558 ep,
1022 2484 1058 2541 de
1075 2502 1135 2559 quo
1149 2485 1273 2560 agimus.
1303 2483 1456 2560 11111111.

283 2571 468 2629 327—343.
493 2563 619 2652 ἀδήλων
641 2572 784 2648 pleraque
808 2591 844 2630 ex
866 2572 1015 2648 lapidibus
1037 2573 1183 2647 exscripta
1205 2592 1267 2633 csse
1294 2573 1325 2631 in
1353 2572 1456 2648 primis

282 2659 350 2718 inde
374 2665 510 2736 apparet,
543 2660 625 2737 quod
647 2661 756 2737 quibus
783 2661 855 2721 locis
883 2663 1003 2719 iuventa
1025 2661 1092 2730 sint,
1116 2681 1250 2738 expresse
1273 2662 1455 2738 adscriptum

281 2752 339 2819 est3
365 2750 488 2808 collecte
511 2769 573 2809 csse
597 2771 614 2808 1
637 2748 780 2826 Gregorio
802 2751 955 2827 Magistro,
979 2751 1028 2810 cui
1051 2755 1097 2809 est
1119 2769 1281 2828 cognomen
1304 2743 1323 2809 ὃ
1347 2754 1455 2809 Μακα-

280 2836 368 2916 ρίτης
384 2830 402 2896 b
417 2835 601 2915 Καμψικός,
626 2839 737 2899 scholia
759 2841 963 2915 11132111
987 2841 1060 2898 334.
1083 2843 1239 2900 testantur.
1247 2835 1271 2917 ¹)
1310 2840 1368 2910 Qui
1391 2845 1456 2898 erat

281 2930 457 3002 praeceptor
479 2925 664 2987 constantini
687 2928 847 3003 Gephalae‚
874 2929 929 2988 snb
959 2948 1018 3004 quo
1041 2928 1183 3004 Gephelas
1209 2930 1271 3005 ipse
1299 2929 1330 2986 iu
1357 2929 1457 2988 schola

281 3007 338 3092 τῆς
361 3014 432 3084 νέας
454 3007 617 3096 ἐκκλησίας
633 3015 717 3092 (11111
731 3017 843 3100 1111111
883 3017 975 3077 (luins
998 3019 1144 3095 syllogam
1167 3037 1233 3094 epp.
1257 3039 1292 3078 ex
1306 3019 1455 3094 lapidibus

281 3103 471 3162 collectorum
499 3103 642 3180 Gepbalas
672 3105 873 3182 anthologiam
906 3125 991 3165 suam
1018 3125 1194 3183 componens
1227 3109 1392 3185 exscripsit,
1424 3108 1454 3166 id

282 3193 361 3267 qued
385 3193 475 3252 schol.
495 3213 561 3270 epp.
577 3193 646 3253 VII.
664 3195 736 3252 327.
760 3198 791 3252 et
815 3195 888 3254 334.
912 3214 1047 3271 expresse
1068 3189 1238 3271 traditur.²)
1284 3196 1380 3256 Series
1402 3196 1455 3273 igi·

279 3285 332 3339 tur
355 3301 421 3358 epp.
438 3281 506 3340 VII.
532 3284 725 3354 327-343,
750 3303 840 3358 quarn
856 3285 1157 3354 commemoravimus,
1181 3304 1217 3342 ex
1239 3283 1376 3361 Gregorii
1398 3284 1455 3360 syl·

280 3370 349 3446 loga
381 3375 501 3447 sumpte
534 3376 590 3447 est,
619 3393 654 3430 ex
682 3393 740 3448 qua
762 3374 821 3431 alia
844 3392 963 3449 quoquc
987 3393 1053 3449 epp.
1080 3374 1111 3432 in
1133 3374 1201 3433 VII.
1229 3377 1260 3432 et
1280 3373 1332 3432 IX.
1363 3373 1454 3432 libros

281 3459 468 3535 anthologiae
492 3462 585 3520 Palat.
614 3481 746 3521 manasse
769 3462 887 3522 Heckcr
909 3464 928 3522 l.
952 3463 971 3520 1.
996 3463 1132 3522 ostendit.
1178 3463 1257 3520 Fieri
1284 3481 1342 3522 uon
1369 3480 1454 3538 posse

281 3548 472 3622 perspicuum
496 3554 548 3623 111,
573 3551 645 3624 quin
668 3552 767 3608 omnia
789 3551 894 3611 horum
919 3571 985 3627 epp.
1008 3552 1118 3610 scholia
1141 3570 1209 3610 cum
1231 3551 1304 3611 locis
1331 3570 1454 3610 commc-

280 3637 402 3694 moratis
436 3637 494 3712 iam
531 3639 561 3694 in
595 3638 731 3715 Gregorii
768 3641 938 3718 anthologia
969 3641 1087 3700 fuerint
1142 3640 1195 3716 111.
1229 3641 1303 3701 341.
1334 3659 1454 3716 quoque

281 3723 469 3802 Gmgorinm,
493 3726 517 3784 si
540 3727 628 3786 modo
651 3728 682 3784 in
706 3747 759 3787 sue
781 3729 953 3807 anthologia
974 3731 1037 3806 ipsc
1060 3730 1184 3804 recepit,
1212 3749 1247 3787 ex
1269 3729 1367 3805 lapide
1390 3730 1454 3805 ipso

281 3815 466 3891 exscripsisse
490 3815 553 3874 veri
576 3815 702 3875 similius
726 3821 771 3876 est
793 3837 884 3892 quam
907 3838 942 3877 ex
958 3819 1066 3876 Marini
1088 3818 1174 3892 libro,
1198 3837 1257 3892 quo
1273 3819 1371 3877 Procli
1391 3819 1454 3877 vita

280 3897 495 3980 describitur.³)

370 3993 495 4052 Duobus
518 3993 614 4053 modis
636 4015 691 4071 ep,
715 3995 750 4054 dc
775 4015 835 4071 qno
858 3997 949 4054 verba
970 3996 1104 4071 facimus,
1127 3995 1158 4053 in
1181 3996 1383 4072 anthologiam
1398 3993 1454 4053 Pa·

280 4080 401 4140 latinam
430 4084 583 4158 pervenire
611 4085 722 4159 potuit:
751 4089 804 4143 eut
831 4084 993 4160 Gregorius
1020 4086 1083 4160 ipse
1111 4105 1146 4142 ex
1173 4085 1312 4144 Palladae
1339 4086 1454 4162 sylloge

369 4237 389 4304 1)
408 4237 443 4292 cf.
464 4237 553 4291 schol.
574 4254 617 4307 ep.
632 4237 699 4292 VH.
712 4239 776 4304 429,
800 4237 836 4292 de
855 4214 912 4308 quo
931 4239 1058 4293 Wolters
1075 4239 1225 4293 tractavit:
1254 4240 1298 4292 De
1318 4255 1382 4308 epp.
1403 4237 1452 4292 Gr.

281 4306 400 4360 Anthol.
420 4307 471 4362 lib.
491 4309 567 4362 Dies.
586 4309 655 4364 Hal.
676 4309 753 4364 1882.
772 4327 800 4380 p.
816 4309 857 4363 10.
870 4327 930 4380 sqq.

368 4378 389 4446 2)
408 4379 444 4432 cf.
464 4379 587 4434 Hccker.
606 4380 626 4434 l.
639 4381 658 4434 1.
677 4398 705 4451 p.
721 4382 780 4436 166.

369 4449 389 4520 ³)
408 4450 443 4502 lu
463 4451 623 4520 appendice
642 4450 826 4506 Boissonedii
846 4452 985 4507 editionis
1002 4454 1088 4521 Diog.
1109 4454 1202 4508 Leert.
1223 4471 1250 4522 1.
1266 4453 1326 4507 169.
1345 4469 1368 4506 c.
1383 4452 1424 4505 36.
