3372 5210
680 273 953 331 -19-.

206 472 272 511 sum
301 455 357 527 est,
389 452 421 510 in
449 452 610 528 appendice
632 449 957 510 Barberino·Vaticana
981 453 1026 510 est
1052 471 1097 526 ep.
1122 453 1173 510 23.
1219 451 1307 520 Quod
1335 469 1381 526 ep.

206 541 287 618 quod
314 541 403 617 plane
426 541 576 601 diversum
600 543 644 599 est
667 560 685 598 a
707 537 807 597 Rufini
829 539 943 613 indole,
964 539 1016 602 elii
1044 542 1149 615 poetae
1172 539 1302 600 tribuere
1325 539 1383 598 viri

205 630 286 689 docti
308 631 367 688 iam
390 630 505 704 pridem
529 629 627 688 conati
650 631 732 688 sunt:
759 628 919 688 Salmasius
942 629 1057 702 primus
1080 628 1221 688 Palladae
1244 628 1381 705 adsigna-

204 720 262 794 vit,
296 719 375 794 quod
398 719 547 795 plerisque
575 737 670 794 usque
698 718 734 775 ad
759 717 993 776 Sakolowslrium
1020 717 1052 794 (l.
1074 718 1093 776 l
1116 738 1145 793 p.
1168 717 1232 792 62.)
1259 717 1381 793 placuit.

204 805 270 866 Non
306 812 384 866 recte
417 807 579 866 Sternbach
611 803 693 883 (app.
726 805 813 866 Barb.
846 826 874 881 p.
902 804 965 881 79.)
1003 807 1203 882 fragmentum
1234 805 1381 882 Agathiao

206 896 444 972 Daphniaoorum
468 915 531 956 esse
554 895 685 955 coniecit.
737 894 950 954 Stadtmueller
972 896 1101 970 primum
1124 894 1282 955 haesitavit
1304 895 1382 954 inter

204 985 346 1044 Rufinum
370 989 400 1044 et
422 979 615 1065 Palladam¹),
643 989 709 1042 tum
732 983 820 1042 certis
843 983 939 1043 causis
962 986 1128 1048 commotus
1151 988 1210 1059 est,
1233 986 1269 1042 ut
1292 983 1378 1042 Olau-

205 1074 291 1133 diano
316 1074 479 1134 vindicaret
501 1075 557 1134 hoc
579 1067 665 1150 ep.²),
688 1073 769 1148 quod
792 1073 913 1148 probo..

293 1164 330 1222 D.
363 1163 518 1222 Minores
542 1182 616 1238 epp.
641 1162 818 1238 syllogae,
842 1181 919 1238 quae
943 1164 1059 1236 praeter
1082 1161 1269 1238 anthologias
1291 1162 1325 1220 P.
1350 1164 1380 1220 et

204 1252 249 1310 Pl.
277 1255 405 1326 exstant,
438 1252 475 1309 ad
502 1252 642 1311 lemmata
670 1257 826 1311 auctorum
853 1250 1041 1310 diiudicanda
1070 1251 1202 1326 primum
1231 1270 1250 1308 a
1282 1249 1382 1309 Stadt·

203 1341 348 1398 mnollero
379 1341 544 1399 accuratius
572 1340 721 1399 adhibitae
748 1343 828 1400 sunt.
874 1339 989 1410 Quibus
1017 1357 1086 1399 cum
1113 1360 1209 1400 unum
1232 1342 1310 1398 certe
1335 1359 1382 1415 ep.

205 1429 343 1487 Palladae
362 1433 515 1488 servatum
536 1430 584 1502 sit,
607 1429 687 1506 quod
710 1429 793 1488 deest
811 1429 843 1487 in
866 1429 899 1487 P.
920 1434 951 1487 et
973 1429 1027 1501 Pl,
1050 1428 1181 1487 breviter
1203 1428 1240 1486 de
1264 1427 1306 1488 eis
1323 1428 1381 1486 dis·

205 1526 351 1593 putemus.
382 1518 483 1595 Longe
499 1519 674 1596 gravissima
688 1518 767 1576 inter
781 1535 830 1576 eas
854 1521 898 1576 est
921 1517 1035 1594 sylloge
1050 1517 1262 1593 Euphemiana,
1285 1517 1383 1575 tribus

206 1606 355 1665 codicibus
371 1602 516 1683 servata⁸)
533 1611 564 1666 et
581 1627 601 1664 a
616 1607 838 1666 Schneidewino
859 1599 973 1682 editafi)
1012 1606 1095 1664 Idem
1117 1607 1163 1664 vir
1183 1606 1288 1664 doctus
1308 1605 1383 1664 hanc

81 1692 84 1696 ’
206 1695 411 1754 collectionem
432 1697 558 1754 fortasse
582 1698 650 1754 ante
667 1693 826 1770 cephalam
848 1703 945 1756 ortam
968 1713 1039 1768 asse,
1063 1713 1245 1770 quamquam
1268 1692 1383 1753 codices

205 1784 384 1842 recentiores
412 1788 483 1843 sunt
511 1784 609 1843 codice
633 1783 784 1854 Palatino,
817 1783 867 1842 sed
891 1803 926 1840 ex
948 1783 1057 1842 eisdem
1092 1783 1224 1842 fontibus
1255 1783 1382 1853 fluxisse,

206 1892 241 1930 ex
278 1872 385 1948 quibus
417 1871 561 1948 Cephalus
593 1873 776 1950 anthologia,
815 1872 1034 1932 demonstravit.
1095 1871 1172 1930 Sunt
1202 1872 1232 1930 in
1266 1872 1381 1948 sylloge

211 1961 414 2036 Euphemiana
437 1961 657 2020 Schneidewinc
680 1965 755 2020 teste
778 1961 849 2019 baec
873 1981 939 2036 epp.
962 1961 1113 2020 Palladae:

295 2045 353 2108 E'²
371 2071 417 2126 ep.
438 2052 489 2109 43.
512 2071 540 2110 n.
557 2051 577 2110 l
595 2077 634 2100 =
653 2051 704 2108 XI.
721 2052 794 2109 255.

304 2174 348 2180 —
370 2172 415 2180 —
439 2141 490 2198 68.
512 2160 541 2198 n.
557 2139 635 2198 l.'=
653 2139 703 2197 IX.
722 2141 794 2198 489.
909 2185 912 2192 .

305 2261 349 2269 —
372 2263 415 2268 —
440 2230 490 2286 44.
514 2221 832 2302 n.1.=XI.293.⁵)

305 2349 349 2356 ——
373 2351 414 2356 —
441 2318 490 2374 58.
515 2307 706 2392 ἐπιτύμβιον
729 2307 844 2396 ἄδηλον
862 2341 901 2367 =
919 2310 982 2374 IX.
998 2316 1049 2376 49.

304 2421 353 2444 ·——
377 2438 418 2446 -
445 2406 494 2463 74.
519 2400 700 2463 Παλλαδίου
723 2406 754 2463 in
776 2407 809 2464 P.
834 2409 865 2463 et
889 2406 932 2464 Pl.
956 2405 1104 2464 omissum.

307 2527 350 2534 —
376 2527 415 2534 —
443 2494 493 2554 75.
517 2513 584 2552 cum
607 2495 802 2570 praecedente
827 2495 1017 2553 coniunctum
1041 2497 1094 2554 est.
1404 2553 1408 2558 .

297 2580 332 2639 In
354 2583 488 2660 margine
508 2573 589 2641 ἄλλο
612 2584 707 2642 scriba
734 2588 788 2642 aut
810 2588 959 2642 corrector
982 2583 1104 2653 addidit,
1128 2587 1289 2657 postquam
1311 2583 1384 2641 haec

208 2691 274 2747 epp.
303 2673 479 2730 secernenda
506 2691 569 2730 esse
597 2673 750 2730 intellexit.
796 2672 832 2729 In
856 2673 888 2729 P.
907 2697 946 2720 =
964 2691 1008 2746 ep.
1032 2671 1083 2729 Xl.
1103 2671 1179 2730 378.
1210 2673 1240 2728 et
1268 2671 1312 2730 Pl.
1333 2671 1384 2728 11⁸

207 2781 236 2835 p.
262 2761 321 2818 23¹
346 2759 486 2818 Palladae
509 2760 665 2834 tribuitur,
699 2760 778 2834 quod
802 2759 1005 2818 Schneidewin
1032 2778 1090 2818 non
1113 2763 1193 2818 recte
1216 2762 1313 2830 notat,
1347 2761 1383 2818 cf.

208 2868 299 2922 snpra
331 2869 358 2922 p.
384 2849 413 2905 9.
460 2847 546 2916 Quod
574 2867 618 2922 ep.
642 2849 715 2924 quin
737 2848 899 2925 genuinum
923 2848 974 2920 sit,
1007 2866 1074 2906 cum
1103 2867 1161 2906 non
1185 2848 1224 2907 sit
1246 2849 1384 2907 dubitan-

209 2936 289 3009 dum,
312 2937 420 2993 lemma
441 2935 642 3011 praecedentis
666 2958 710 3012 ep.
734 2937 908 2996 mutandum
933 2937 1031 2996 estin
1056 2930 1211 2995 Παλλαδᾶ
1239 2956 1274 2994 ex
1298 2933 1383 2996 Παλ-

211 3016 332 3097 λαδίου,
356 3025 436 3100 quod
452 3025 556 3084 calami
575 3026 661 3102 lapsu
686 3031 785 3085 ortum
806 3045 868 3085 esse
882 3031 1015 3102 apparet.
1054 3027 1108 3102 Ep.
1130 3027 1225 3104 igitur
1250 3027 1299 3086 74.
1324 3028 1383 3102 syl·

208 3114 276 3190 loga
299 3114 501 3189 Euphemiana
524 3115 587 3173 sola
609 3122 758 3174 servatum
782 3116 920 3174 Pallados
943 3115 1117 3190 inscriptum
1143 3110 1226 3190 est.⁰)

300 3202 385 3272 Quod
401 3223 446 3279 ep.
462 3223 497 3261 er
512 3205 628 3280 sylloga
643 3205 847 3280 Eupberniana
868 3206 956 3263 etiam
976 3205 1007 3262 in
1023 3205 1096 3263 alias
1112 3224 1179 3280 epp.
1195 3204 1383 3263 collectiones

209 3291 349 3367 migrasse
382 3292 531 3369 videmus,
565 3313 639 3368 quae
672 3312 732 3369 quc
765 3294 852 3352 modo
879 3295 957 3351 inter
980 3312 1009 3351 se
1033 3294 1221 3363 cohaereant,
1252 3292 1383 3350 nondum

209 3380 387 3453 explicatum
409 3400 470 3440 esse
487 3381 573 3438 valde
597 3383 738 3451 dolemus,
762 3383 813 3440 sed
837 3401 955 3456 sperare
978 3399 1135 3456 possumus
1158 3381 1230 3455 fore,
1253 3384 1289 3439 ut
1312 3381 1384 3439 haec

210 3486 329 3542 quoque
353 3469 429 3526 ratic
453 3469 677 3527 Stadtmuelleri
700 3470 827 3528 editione
850 3469 1025 3528 illustretur.

300 3555 364 3615 Hoc
388 3576 433 3632 ep.
456 3557 622 3616 invenimus
647 3558 736 3616 etiam
760 3557 790 3615 in
814 3557 912 3621 codice
936 3557 1103 3617 Vindobon.
1128 3558 1210 3628 311.
1235 3559 1318 3617 cuius
1341 3559 1383 3616 in·

298 3731 317 3794 ι)
336 3728 368 3783 Β.
388 3728 436 3798 ph.
456 3727 502 3781 W.
524 3728 592 3782 1890
611 3747 638 3798 p.
655 3729 731 3782 1391.

297 3800 318 3868 ρ)
337 3799 365 3853 J.
384 3799 412 3854 J.
433 3799 500 3852 1⁹91
520 3817 548 3869 p.
563 3801 614 3854 332
634 3799 712 3854 etin
732 3819 790 3854 var.
808 3802 874 3854 lect.
895 3801 983 3854 huius
1003 3817 1046 3871 ep.

297 3873 317 3938 3)
338 3870 373 3924 cf.
393 3869 606 3926 Stadtmueller.
627 3871 671 3925 ed.
690 3871 713 3926 Ι.
732 3873 822 3943 praef.
842 3890 869 3941 p.
883 3871 967 3926 XHI.

225 4012 230 4022 Ι
276 3941 318 4022 f)
337 3940 547 4010 Schneidewin,
567 3952 818 4012 progymnasmata
837 3944 868 3996 in
887 3944 966 3997 anth.
981 3944 1030 3998 Gr.
1058 3944 1085 3996 A
1098 3942 1323 3996 Stadtmuellero
1339 3944 1384 3996 ER

208 4011 474 4165 Slgnlfillailldliquis
493 4086 619 4138 numeris
638 4085 770 4154 significo
790 4103 824 4140 ea
843 4103 917 4156 epp,
937 4101 1011 4156 quae
1023 4103 1093 4138 num
1107 4103 1124 4138 a
1137 4083 1257 4138 Pallada
1276 4087 1383 4156 scripta

208 4159 275 4222 srnt,
296 4151 418 4206 dublum
437 4161 487 4207 est.

296 4225 317 4294 Β)
335 4223 455 4278 Editum
469 4231 512 4279 est
529 4225 561 4278 in
574 4227 594 4281 J
596 4225 705 4280 acobsii
718 4227 807 4280 Anth.
821 4229 881 4282 Pal.
895 4227 1019 4298 append.
1040 4244 1085 4297 ep.
1098 4229 1120 4280 1.
1142 4234 1170 4282 et
1190 4230 1220 4282 in
1232 4228 1381 4282 Duebneri

208 4295 296 4418 Affl.
309 4296 370 4352 Pal.
384 4297 441 4353 vol.
454 4297 508 4350 HI.
524 4314 541 4351 a
554 4297 694 4367 Cougnyo
708 4299 843 4353 recensiti
857 4316 918 4369 cap.
932 4300 987 4352 III.
1004 4300 1062 4367 145,
1081 4298 1251 4354 ubilamma
1264 4299 1327 4354 cod.
1342 4301 1386 4352 ΕΡ

210 4382 226 4417 a
268 4384 333 4422 rur.

1046 4461 1170 4514 ‚ga
