3372 5210
688 310 910 370 -51-

302 490 332 547 2.
354 487 430 564 llpp.
452 482 616 564 26-103,
646 506 774 564 quorum
801 493 976 564 argumenta
997 489 1115 550 diversa
1137 494 1208 550 sunt
1239 491 1275 550 ab
1303 511 1388 570 argu·

212 575 319 636 mentis
342 595 409 652 epp.
432 577 539 653 prioris
561 577 662 653 pertis,
686 582 738 636 sut
760 581 920 655 praecepta
942 582 995 638 aut
1010 579 1172 638 sententias
1188 583 1266 648 sunt
1303 580 1389 647 Hanc

211 670 327 741 partem
350 684 409 725 non
432 685 467 724 ex
489 666 652 727 vetustiore
675 666 847 726 collectione
867 661 1053 746 παροιμιῶν
1077 686 1218 739 manasse,
1242 673 1279 728 ut
1299 673 1388 746 putat

212 754 395 814 Sakolowslxi
417 755 437 814 l.
452 755 472 812 l.
492 775 522 830 p.
539 756 589 814 12.
613 755 763 832 96916,
786 756 838 816 996
861 755 991 833 singulas
1015 757 1202 816 collectiones
1226 763 1292 834 999.
1316 759 1388 818 item

211 845 303 919 atque
324 842 356 902 in
378 843 502 919 reliquis
524 844 608 902 libris
631 844 787 904 exhaustas
809 862 873 904 9999
895 864 913 902 9
936 845 1094 905 collectore
1117 845 1340 924 intellegemus,
1363 849 1388 907 si

211 931 288 992 hanc
309 936 426 1009 partem
448 933 615 992 accuratius
637 933 926 1009 perlustraverimns.
972 933 1111 993 Continet
1133 934 1186 994 hes
1209 936 1310 997 series:

299 1020 328 1098 9)
353 1040 418 1097 999.
438 1023 579 1082 26—43.
602 1021 726 1082 Luciani
748 1021 822 1098 (sive
838 1020 978 1097 Lucillii),
1003 1023 1152 1095 Fallaciae,
1175 1015 1278 1104 donia
1295 1025 1385 1084 inter·

353 1109 453 1182 mixte,
1110 1155 1114 1164 ,

299 1196 331 1274 b)
356 1200 495 1259 44—63.
518 1219 585 1275 epp.
608 1196 747 1258 Palladee
769 1200 870 1274 solius,

300 1287 328 1362 c)
353 1289 493 1348 64-76.
516 1308 582 1365 999.
605 1287 753 1366 Agathino
776 1287 859 1365 chli
882 1291 913 1348 et
935 1289 1074 1348 Palladas
1096 1289 1276 1350 intermixta.
1440 1366 1443 1372 Ι

300 1375 381 1446 Quae
417 1397 483 1454 epp
520 1395 579 1437 non
616 1377 653 1436 ab
688 1377 792 1449 initio,
829 1377 880 1437 sed
916 1377 954 1436 ab
991 1378 1159 1456 indiligenti
1196 1379 1387 1456 compilatore

211 1465 367 1526 coniuncta
389 1484 451 1525 esse
474 1466 581 1526 docent
602 1471 784 1544 argumenta
830 1465 904 1526 (ium
929 1466 1005 1526 enim
1028 1487 1095 1544 999.
1110 1467 1248 1526 Ρ9119699
1270 1487 1386 1545 praece·

211 1554 309 1617 dantia
331 1556 510 1615 sententiose
523 1555 560 1614 de
576 1555 726 1615 Fortunae
748 1555 948 1614 mutabilitate
972 1559 1003 1615 96
1025 1557 1062 1615 69
1085 1556 1163 1616 vitae
1179 1556 1292 1616 vilitate
1308 1556 1388 1616 facta

211 1644 282 1717 sint,
314 1663 361 1720 99.
385 1645 435 1704 64.
467 1644 613 1722 Agatbiae
645 1644 753 1720 excipit
780 1645 832 1703 has
859 1644 1018 1704 sententias
1045 1645 1116 1704 item
1144 1647 1235 1721 atque
1263 1665 1309 1722 ep.
1335 1647 1387 1707 65.

210 1732 348 1792 Ρ9119699
370 1737 401 1792 96
415 1753 460 1810 99.
478 1735 529 1794 66.
544 1733 707 1810 Agathiae.
736 1733 794 1792 Sed
810 1736 876 1793 tum
892 1733 1067 1810 compilator
1082 1734 1182 1811 pergit
1196 1734 1388 1812 neglegenter

210 1820 335 1897 cyclum
350 1821 504 1899 Agathiae,
527 1841 618 1899 quem
637 1841 790 1906 excerpere
806 1825 951 1898 coeperat,
968 1823 1132 1884 exscribere
1147 1841 1207 1882 non
1222 1823 1387 1884 deliberans

211 1930 285 1987 epp,
314 1929 389 1987 quae
416 1915 597 1986 sequnntur,
624 1929 683 1970 non
706 1911 742 1970 ed
771 1915 981 1988 argumentum
1014 1912 1200 1989 propositum
1232 1912 1387 1987 pertinere,

210 2018 277 2058 narn
305 2019 350 2076 ep.
376 2000 426 2059 67.
454 2001 491 2059 de
518 1999 614 2059 Lethe
647 2004 677 2058 96
703 2001 820 2058 Mneme
851 2000 964 2060 factum
995 2001 1056 2070 vix,
1089 2021 1135 2076 ep.
1161 2002 1212 2060 68.
1240 2001 1386 2076 Agathino

210 2107 397 2164 nequaquem
419 2089 477 2147 huc
504 2088 693 2148 referendum
722 2093 775 2150 est.
820 2089 875 2165 Ep.
900 2090 950 2148 69.
978 2089 1106 2165 deniqne
1135 2089 1172 2148 ad
1200 2089 1387 2164 propositum

210 2177 377 2236 revertitur.
423 2177 520 2236 Etiam
544 2197 589 2254 99.
615 2178 664 2236 71.
688 2177 853 2238 Macedonii
876 2177 912 2236 ab
935 2177 982 2237 his
1006 2198 1071 2254 epp.
1092 2178 1277 2237 sententiosis
1300 2180 1386 2254 plane

210 2265 369 2325 abhorrens
400 2266 464 2327 veri
496 2269 542 2326 est
572 2266 697 2325 similius
730 2266 883 2343 epidictice
915 2266 1061 2342 scriptum
1087 2284 1148 2326 esse
1164 2257 1207 2324 ¹in
1235 2267 1387 2328 Pandorae

209 2354 375 2430 imaginem.
420 2355 495 2430 Epp.
521 2356 571 2414 72.
595 2359 626 2414 et
650 2356 700 2415 73.
724 2355 863 2416 Pelledae
886 2359 956 2415 sunt
977 2355 1049 2414 item
1073 2355 1242 2427 sententiae,
1265 2375 1312 2431 ep.
1334 2357 1387 2416 74.

209 2442 297 2502 Pauli
313 2442 364 2503 Sil.
380 2443 418 2503 ob
441 2444 563 2502 eandem
578 2463 697 2504 causam
713 2444 847 2504 additum
864 2449 910 2506 est
923 2445 995 2502 item
1013 2447 1104 2520 atque
1120 2465 1165 2520 99.
1184 2445 1234 2503 76.
1264 2444 1319 2520 Ep.
1337 2445 1387 2504 75.

209 2531 346 2592 Ρ9119699
368 2533 512 2592 insertum
536 2549 599 2594 esse
622 2533 751 2606 videtur,
774 2533 853 2608 quod
877 2533 909 2592 in
932 2551 967 2594 eo
990 2524 1088 2612 αὖραι
1115 2537 1387 2593 commemorantur

209 2621 322 2697 pariter
344 2624 434 2697 atque
456 2621 487 2679 in
510 2642 555 2698 ep.
581 2623 640 2696 74,
664 2641 846 2699 quemquam
868 2621 940 2682 heco
963 2639 1020 2682 vox
1042 2623 1071 2680 in
1095 2625 1226 2698 utroque
1249 2641 1294 2697 ep.
1327 2640 1387 2680 non

208 2709 298 2769 habet
320 2710 444 2769 eandem
466 2711 624 2771 notionem.
655 2710 763 2780 Quales
778 2729 864 2770 voces
879 2711 989 2770 similes
1005 2729 1146 2786 persaepe
1162 2710 1385 2786 compilatorem

160 2798 165 2805 '
208 2799 334 2858 fefellisse
358 2799 459 2858 multis
481 2799 628 2876 probatur
650 2800 798 2876 exemplis.
845 2799 987 2875 Sequitur
1009 2799 1076 2858 inde
1100 2799 1137 2859 ab
1161 2820 1205 2876 99.
1232 2800 1281 2859 76.
1304 2819 1386 2858 mera

209 2887 298 2947 series
325 2887 461 2947 Pelledse
489 2887 760 2973 epulti-88.),
787 2907 863 2965 quae
892 2888 1009 2948 easdem
1037 2889 1196 2948 sententias
1224 2887 1385 2949 continuat

209 2977 352 3036 Videmus
374 2977 468 3054 igitur
491 2978 679 3036 collectorem
702 2978 758 3037 hec
779 2977 808 3036 in
832 2980 917 3054 parte
940 2977 1078 3036 Pallados
1102 2998 1168 3054 999.
1195 2996 1250 3054 pro
1278 2977 1384 3036 funda·

210 3070 309 3124 mento
340 3066 472 3142 posuisse
504 3069 534 3124 96
560 3066 707 3144 Agathino
735 3066 818 3142 (lycli
851 3086 931 3142 epp,
963 3065 1134 3142 ubicunque
1163 3066 1327 3127 consimilia
1359 3066 1387 3124 ei

209 3155 393 3228 viderentur,
429 3155 602 3228 insaniisse,
639 3155 690 3215 sed
719 3175 787 3214 enm
815 3156 908 3214 altero
936 3155 1018 3214 fonte
1046 3174 1105 3214 non
1133 3156 1203 3216 satis
1227 3154 1386 3231 diligenter

209 3262 295 3304 usum
323 3263 397 3319 esse,
429 3245 466 3302 ut
493 3244 656 3304 exscribere
683 3263 808 3322 pergens
841 3264 906 3321 epp.
939 3244 1119 3319 inmisceret,
1152 3263 1226 3320 quae
1258 3260 1317 3301 non
1348 3243 1386 3301 96

209 3336 416 3409 argumentum
437 3334 623 3409 propositum
647 3334 802 3410 quadrant.

298 3421 329 3499 d)
354 3441 419 3498 999.
445 3423 585 3481 77-79.
612 3422 749 3480 Pallados
776 3441 836 3480 non
862 3421 1032 3480 intermixta
1059 3420 1231 3481 continuare
1259 3419 1386 3478 diximus

208 3510 369 3570 sententias
390 3529 485 3587 usque
509 3510 545 3569 ad
569 3531 614 3586 ep.
639 3512 688 3570 88.
735 3511 812 3568 Tum
835 3510 1011 3585 compilator
1033 3509 1132 3586 pergit
1154 3509 1292 3568 Palladae
1319 3528 1385 3585 epp.

209 3598 317 3658 addere
344 3600 501 3677 neglegens
528 3599 680 3658 Palladem
707 3600 826 3675 saepius
858 3602 1034 3677 argumenta
1065 3598 1187 3657 variare.
1232 3598 1287 3674 Elp.
1313 3598 1385 3658 100.

209 3689 328 3747 demum
351 3688 523 3748 recordatus
546 3689 732 3765 compilator,
762 3688 833 3764 quid
857 3679 913 3747 sibi
939 3687 1142 3764 proposuerit,
1170 3687 1226 3746 hoc
1253 3686 1386 3762 Philippi

210 3795 333 3838 coronae
356 3777 558 3854 fragmentum
581 3777 734 3836 adscribit:

298 3865 325 3942 9)
349 3867 625 3942 epp.100-103.,
650 3887 684 3925 ex
707 3866 815 3943 quibus
836 3886 880 3942 99.
898 3864 971 3925 100.
995 3865 1091 3924 solum
1114 3865 1242 3940 pertinet
1260 3864 1296 3923 ad
1316 3881 1383 3938 pro·

209 3954 347 4031 positum,
370 3954 421 4014 sed
444 3975 489 4031 ep.
516 3955 588 4015 101.
611 3955 887 4027 demonstrativum,
910 3973 956 4030 99.
982 3954 1054 4012 103.
1077 3953 1242 4012 irrisorium
1266 3960 1317 4012 est.

298 4043 502 4121 Intellegimus
525 4045 618 4121 igitur
641 4065 676 4102 ex
698 4044 744 4104 his
768 4031 887 4120 quoque
904 4063 970 4119 epp.
987 4042 1218 4118 compilatorem,
1234 4040 1286 4098 ubi
1301 4040 1385 4099 novis

208 4132 341 4192 fontibus
363 4136 475 4202 utetur,
498 4134 628 4208 primum
653 4153 697 4208 99.
721 4133 858 4206 inserere,
887 4132 966 4207 quod
996 4131 1091 4192 simile
1119 4134 1164 4190 est
1192 4129 1385 4204 antecedenti,

209 4221 313 4280 deinde
337 4225 436 4280 autem
460 4221 588 4280 libenter
610 4222 640 4278 in
664 4221 765 4279 eedem
789 4240 896 4283 corone
920 4220 1104 4295 commorari,
1128 4219 1243 4278 etiamsi
1266 4222 1386 4278 nonest

208 4310 378 4387 argumenti
400 4310 552 4388 propositi.
1180 4311 1182 4314 ’

223 4407 227 4413 “
298 4398 441 4458 Ultimam
473 4407 589 4476 partem
621 4398 691 4459 libri
722 4399 761 4458 X.
793 4392 925 4458 additam
958 4418 975 4457 9
1003 4397 1165 4458 recentiore
1194 4391 1385 4472 compilatore

1135 4497 1173 4550 4*
