3372 5210
710 283 843 342 -63
888 317 937 332 -.

323 458 375 517 xi.
399 459 585 535 ese-259,
610 461 796 539 acl-noa,
821 461 1006 536 aro-ara,
1031 459 1131 538 (arc),
1156 461 1340 522 soa-316.

323 547 378 624 Ep.
403 548 476 608 269.
499 547 645 624 scriptum
675 567 736 608 esse
760 553 860 625 potest
883 551 1003 609 anullo
1030 550 1088 610 nisi
1111 570 1128 610 a
1149 550 1281 610 Luciano
1304 552 1352 611 vel
1374 552 1412 611 ab

234 637 292 698 alio
319 639 420 713 poeta,
454 637 506 713 qui
533 656 593 697 non
620 637 666 697 est
689 638 801 697 anthol.
830 638 927 716 Diog,
952 638 978 698 si
1008 638 1096 698 modo
1123 632 1301 700 Boissonade
1332 643 1412 700 recte

111 771 114 782 .
235 725 345 788 conicit
366 727 422 785 hoc
446 745 491 801 ep.
514 726 552 786 ad
574 727 783 802 imperatorem
808 727 935 786 Lucium
949 728 1107 787 Aurelium
1130 727 1325 788 Commodum
1347 749 1411 806 per·

234 817 331 876 tineus
354 817 422 891 post
449 835 558 874 annum
585 815 670 886 192„
704 833 763 892 quo
792 816 841 876 hic
866 816 1028 892 imperator
1049 819 1186 876 mortum
1210 821 1267 891 est,
1298 817 1411 877 factum

237 924 309 966 esse.
355 903 579 976 Recentioribns
612 905 809 980 temporibus,
842 908 923 964 certo
951 909 1020 981 post
1047 906 1212 977 Palladem,
1245 926 1311 982 epp.
1335 926 1411 983 quae

233 996 413 1070 sequuntur,
446 994 520 1053 270.
550 997 580 1052 et
609 993 682 1052 271.
711 993 791 1053 facta
823 997 893 1054 snnt
923 993 955 1052 in
986 995 1196 1071 imperatorem
1220 995 1411 1055 Anastasium

233 1079 446 1160 (491-518).
485 1081 559 1142 (lum
583 1082 710 1159 vestigia
727 1081 809 1159 Cycli
824 1082 972 1160 Agathino
994 1083 1042 1143 hic
1064 1083 1242 1160 investigare
1264 1103 1322 1143 non
1345 1103 1410 1160 pos·

233 1172 340 1245 simus,
371 1171 434 1231 veri
462 1174 508 1231 est
534 1171 632 1230 simile
659 1171 732 1230 haec
756 1191 823 1248 epp.
846 1191 880 1230 ex
903 1171 1074 1232 collectione
1096 1172 1227 1250 Agathia
1249 1173 1410 1233 recentiore

234 1265 354 1338 sumpte
388 1277 463 1332 csse,
502 1259 627 1320 fortasse
658 1260 836 1337 compilator
867 1280 902 1320 ea
932 1261 1089 1322 transtulit
1119 1281 1155 1320 ex
1185 1260 1411 1337 inscriptionum

233 1350 350 1428 sylloge
366 1349 415 1408 vel
439 1367 474 1406 ex
488 1349 634 1426 florilegio
658 1369 724 1426 epp.
741 1370 776 1408 ex
791 1349 875 1410 libris
890 1350 1021 1421 collecto,
1042 1369 1109 1410 cum
1132 1351 1204 1410 haec
1218 1369 1283 1426 epp.
1298 1350 1410 1428 Lydus,

233 1438 269 1498 ‹le
291 1438 424 1516 magistr.
449 1437 566 1512 111,4c.
589 1438 700 1498 laudet

322 1526 354 1586 Si
385 1525 538 1586 Lollianus
576 1527 698 1603 loquax,
737 1526 789 1603 qui
828 1547 872 1605 ep.
902 1528 975 1587 274.
1003 1527 1155 1602 illuditur,
1188 1527 1268 1586 idem
1300 1532 1345 1588 est
1375 1547 1410 1588 ec

232 1615 378 1693 sophistes
401 1614 555 1676 Lollianus
578 1635 595 1674 a
615 1611 830 1692 Philostratol)
854 1620 1109 1691 commemoratus,
1132 1616 1196 1675 fieri
1219 1635 1278 1676 non
1301 1619 1409 1694 potest,

232 1708 268 1765 ut
290 1705 346 1764 hoc
363 1725 408 1780 ep.
432 1723 449 1762 a
471 1703 598 1764 Lucillio
622 1705 768 1780 scriptum
790 1705 837 1764 sit.

320 1794 375 1869 ltp.
400 1793 473 1852 275.
496 1793 525 1852 in
550 1794 583 1853 P.
599 1794 759 1869 Apollonio
781 1792 991 1871 Grammatico,
1013 1793 1185 1853 Callimachi
1208 1793 1352 1870 discipulo
1377 1797 1409 1852 et

233 1885 337 1958 postea
369 1874 521 1958 inimicol)
553 1882 702 1942 tributum
734 1883 816 1958 qnod
847 1883 903 1942 hoc
934 1884 999 1942 loco
1023 1883 1168 1942 insertum
1195 1886 1256 1959 est,
1279 1884 1410 1942 multum

231 1971 321 2030 habat
343 1970 522 2046 offensionis,
551 1990 619 2030 cum
643 1971 787 2049 Meleagri
809 1990 945 2042 coronae,
978 1971 1026 2031 cui
1048 1975 1171 2048 propter
1191 1975 1324 2047 tempus,
1348 1991 1408 2048 quo

233 2063 279 2119 est
292 2060 445 2136 scriptum,
468 2059 679 2120 vindicandum
702 2063 756 2135 est,
780 2061 909 2120 hicnon
932 2061 972 2119 sit
987 2060 1154 2137 vestigium,
1177 2080 1268 2136 quam
1291 2061 1407 2119 obrem

232 2147 415 2209 Sakolowski
438 2148 459 2209 l.
475 2148 495 2210 l.
510 2168 541 2224 p.
566 2151 616 2208 51.
639 2149 792 2225 Apollonii
816 2149 924 2208 Rhodii
946 2167 1008 2208 essa
1031 2153 1127 2226 negat
1160 2149 1218 2207 Sed
1242 2168 1311 2208 cum
1326 2149 1408 2208 locus

232 2238 324 2310 solus,
354 2256 414 2314 quo
442 2240 538 2297 exstat
565 2258 624 2314 ep,
656 2257 715 2297 non
742 2239 813 2298 satis
841 2239 952 2311 valeat,
983 2241 1019 2296 ut
1045 2256 1219 2313 persuasum
1246 2238 1408 2298 habeamus

231 2327 287 2386 hcc
318 2346 365 2403 ep.
388 2345 450 2386 esse
478 2326 626 2402 spurium,
660 2345 727 2386 cum
756 2320 940 2406 Knaackioss)
971 2329 1002 2385 et
1024 2319 1221 2406 Susamihlot)
1248 2327 1406 2402 Apollonio

230 2415 346 2474 Rhodio
370 2433 531 2476 servamus.
576 2415 688 2474 Tamen
711 2417 737 2476 si
761 2435 877 2475 mecum
901 2415 1003 2490 facies,
1030 2415 1249 2475 concedendum
1276 2416 1332 2475 tibi
1360 2420 1405 2476 est

231 2504 287 2564 hoc
314 2524 359 2581 ep.
383 2507 437 2564 ant
459 2504 583 2564 arbitrio
610 2505 825 2580 compilatoris,
853 2508 890 2564 ut
915 2524 1003 2580 saepe
1025 2504 1072 2577 fit,
1104 2504 1152 2564 hic
1174 2504 1319 2563 insertum
1342 2523 1404 2564 csse

230 2595 283 2652 aut
305 2612 342 2653 ex
364 2593 480 2671 sylloge
503 2613 570 2670 epp.
594 2611 632 2652 ex
654 2594 738 2654 libris
762 2595 953 2654 collectorum
976 2611 1039 2652 esse
1063 2599 1207 2669 ereptum.

318 2679 506 2758 Fragmentia
535 2682 698 2759 anthologii
721 2683 898 2760 Diogeniani
925 2682 1067 2757 exemptis
1089 2682 1144 2740 hae
1166 2684 1279 2742 restant
1301 2681 1402 2742 series:

295 2768 327 2847 1)
350 2771 401 2832 XI.
426 2773 499 2831 260.
521 2763 647 2851 ἄδηλον.
727 2830 731 2838 ,

380 2855 384 2863 ’
424 2862 497 2919 261.
579 2899 602 2932 ,1
661 2860 885 2921 Stadtmueller:
914 2858 1059 2919 Palladae.

422 2951 495 3007 262.
576 2993 589 3021 ,

423 3038 496 3096 263.
519 3037 668 3098 Pellaeae.

288 3125 321 3204 2)
343 3126 395 3187 XI.
420 3127 494 3185 272.
517 3117 642 3206 ἄδηλον.

423 3216 495 3274 273.
577 3261 589 3289 ,
659 3216 703 3274 ΡΙ.
726 3215 873 3274 Palladse.

422 3305 496 3363 274.
519 3305 650 3364 Luciani.

408 3391 497 3469 (275.
520 3393 670 3468 Apollonii
694 3391 857 3452 Grammat.
879 3393 921 3467 P,
946 3385 1062 3471 eripior
1084 3386 1143 3471 ΡΙ.)

296 3479 328 3558 3)
352 3481 403 3541 XI.
421 3483 493 3542 279.
518 3481 647 3556 Lucillii,
670 3482 770 3557 potius
794 3481 931 3540 Palladae
955 3479 992 3540 cf.
1015 3500 1044 3556 p.
1071 3480 1120 3539 13.

420 3571 494 3630 280.
517 3571 663 3630 Palladae.

421 3659 494 3720 281.
576 3705 587 3732 ,
669 3658 711 3734 P,
733 3658 853 3718 Lucillii
875 3659 920 3717 Pl.

421 3749 494 3807 282.
576 3794 588 3822 ,
669 3748 711 3823 P,
734 3742 792 3806 τοῦ
816 3740 917 3806 ciros
939 3744 986 3807 Pl.

226 3887 440 3896 —n————

316 3955 338 4024 1)
356 3953 494 4009 Philostr.
513 3955 564 4010 vit.
583 3955 665 4024 soph.
678 3954 702 4023 1,
715 3954 758 4024 23,
799 3952 880 4008 ,526
953 3995 956 4000 .

316 4025 444 4094 'lQuod
471 4026 603 4081 Jurenka
629 4025 738 4095 (Progr,
787 4067 794 4082 .
820 4023 1111 4093 Stante-Obergymn.
1149 4019 1402 4077 Wien-Neustadt

228 4095 338 4165 188415)
355 4095 392 4150 de
409 4097 569 4152 recentiore
582 4094 708 4167 quodam
720 4095 879 4166 Apollonio
892 4097 1079 4164 grammatico
1092 4093 1189 4163 sentit,
1208 4092 1266 4146 iam
1278 4092 1401 4147 Knaack

226 4167 365 4222 restiterit
378 4169 409 4222 B.
424 4168 473 4238 ph.
486 4168 532 4225 W.
548 4169 625 4223 1886.
638 4186 665 4239 p.
680 4167 741 4222 876.
765 4167 841 4221 Item
854 4165 1033 4221 Sakolowski
1045 4166 1064 4220 l.
1077 4167 1096 4220 l.
1110 4185 1137 4236 p.
1151 4166 1194 4220 51.
1211 4164 1400 4220 recentiorem

225 4238 416 4343 Apollpnium
435 4239 525 4294 fuisse
544 4239 677 4308 coniecit,
697 4239 844 4294 Jurenkae
862 4237 970 4292 librum
987 4254 1046 4292 non
1064 4237 1231 4307 inspiciens.
1337 4306 1386 4359 Π]

286 4312 337 4452 l
354 4310 856 4438 11111111..11111111
869 4326 909 4435 a
1017 4310 1046 4364 1
1059 4309 1086 4364 1
1205 4307 1277 4378 111
1296 4325 1323 4376 1·
1392 4345 1399 4359 ·
