3372 5210
733 298 948 357 ..55-

286 469 319 552 1)
342 472 373 531 in
400 476 491 549 caput
519 473 555 532 de
582 473 750 534 hominibus
777 475 877 551 parvis
905 479 936 535 81
962 477 1124 538 macilentis
1150 476 1230 556 (epp.
1259 476 1428 562 88-111)

164 559 168 566 ’
340 561 487 638 seriptum
508 561 582 620 falso
605 562 714 622 inserta
737 567 807 623 sunt
830 583 875 640 ep.
900 566 950 624 96.
973 565 1005 624 18
1032 566 1204 626 macilentos
1235 567 1352 643 turdos,
1380 586 1426 645 ep.

343 650 393 708 97.
425 651 457 708 in
488 650 636 709 hominem
668 652 796 729 ingentis
824 653 1040 730 amplitudinis,
1074 673 1120 732 ep.
1150 657 1201 716 98.
1228 657 1259 714 in
1282 657 1427 734 oppidum

342 739 502 799 obscurum
525 739 678 816 scriptum.

285 826 316 906 2)
340 847 385 904 ep.
407 828 480 888 195.
510 828 692 888 Dioscoridis
712 849 781 889 non
811 834 857 890 est
886 830 991 907 capitis
1021 825 1066 903 εἷς
1096 828 1246 913 θηρατός
1275 835 1426 911 inscripti3

340 920 493 994 praeterea
519 917 647 977 iteratur
673 922 741 994 post
768 919 986 996 ep.XI.361.
1021 921 1096 980 18188
1123 922 1180 980 8118
1206 923 1350 1000 Meleagri
1377 942 1427 983 co·

340 1026 429 1066 88888
453 1027 519 1082 epp.

285 1095 317 1170 3)
340 1115 407 1171 epp.
440 1096 514 1155 201.
545 1099 575 1154 81
608 1097 681 1157 202.
712 1097 935 1174 interrumpunt
972 1099 1079 1158 seriem
1112 1119 1191 1177 epp,
1225 1100 1333 1176 quibus
1365 1101 1428 1160 8881

341 1185 475 1262 ingentes
497 1184 675 1259 illuduntur,
698 1205 733 1244 ex
756 1186 865 1262 quibus
888 1207 934 1264 ep.
952 1189 1025 1248 201.
1049 1207 1145 1266 aegre,
1161 1209 1206 1265 ep.
1224 1190 1297 1250 202.
1320 1208 1427 1266 nequa

341 1292 430 1350 quam
453 1274 569 1333 adhoc
591 1293 653 1349 cap.
677 1274 783 1334 referri
805 1279 914 1352 potest.

284 1359 319 1442 4)
343 1363 415 1421 lnde
437 1361 474 1420 ab
498 1383 543 1438 ep.
568 1364 642 1423 243.
665 1363 843 1424 disturbatio
872 1364 1058 1425 increbescit:
1091 1365 1129 1424 ad
1161 1386 1206 1442 ep.
1234 1367 1308 1426 243.
1335 1367 1428 1426 falsus

341 1451 449 1510 titulus
471 1452 577 1528 capitis
599 1453 719 1512 additus
741 1457 793 1528 est,
816 1453 869 1530 qui
891 1454 1001 1514 rectius
1023 1447 1069 1525 εἰς
1083 1448 1209 1534 βραδεῖς
1232 1459 1277 1515 881
1300 1454 1426 1515 seriben-

341 1540 410 1612 dus;
432 1541 613 1600 lemmatista
634 1541 760 1602 fortusse
784 1561 903 1602 sensum
918 1563 963 1619 ep.
979 1562 1038 1602 non
1054 1543 1211 1620 perspexit,
1228 1562 1294 1604 cum
1311 1543 1367 1604 hoo
1382 1563 1429 1620 ep.
1467 1547 1469 1551 ’

341 1649 375 1687 ex
397 1629 513 1688 duobus
537 1649 603 1706 epp.
627 1631 861 1690 consarcinatum
884 1651 947 1692 esse
969 1632 1114 1692 videatur.

341 1717 514 1794 Sequuntur
536 1718 608 1778 haec
631 1735 709 1796 epp:

342 1809 415 1867 244.
437 1799 483 1877 εἰς
504 1802 668 1887 μιλιάριον
691 1803 824 1888 ψυχρόν.

342 1897 527 1956 nos-247.
549 1889 595 1967 εἰς
617 1891 718 1955 πλοῖα
740 1892 861 1977 σαθρά,
891 1897 927 1956 81
951 1918 1026 1975 quae
1050 1918 1096 1974 ep.
1119 1918 1244 1976 sequens
1270 1899 1301 1957 in
1323 1918 1429 1961 navem

253 1985 366 2044 factum
391 1985 438 2044 vix
459 1985 649 2045 referendum
673 1995 725 2046 est.

344 2075 530 2145 240-252,
554 2093 680 2151 quorum
704 2079 881 2152 arguments
902 2076 981 2135 inter
1004 2095 1033 2134 se
1056 2076 1253 2142 dissimillim
1276 2080 1352 2136 suut

344 2163 528 2222 253-255.
550 2157 596 2234 εἰς
611 2155 726 2243 αφαεῖς
749 2155 911 2244 ὀρχηστάς,
934 2183 1011 2240 quae
1032 2165 1109 2225 hene
1132 2169 1245 2242 partem
1268 2164 1384 2224 finiunt.

343 2250 456 2321 Quibus
480 2251 579 2328 cognit
578 2252 606 2311 is
628 2252 843 2331 perquiramus,
866 2271 942 2328 quae
966 2253 1098 2330 syllogus
1118 2257 1237 2329 praeter
1253 2253 1432 2375 Diogeniani

254 2340 456 2418 anthologium
481 2359 547 2416 epp.
570 2341 601 2399 in
624 2342 699 2400 hanc
721 2344 837 2416 partem
861 2342 1048 2401 contulerint.

342 2428 463 2488 Initium
485 2429 573 2488 huius
588 2430 683 2506 partis
698 2429 813 2490 faciunt
828 2430 887 2490 tria
902 2450 969 2507 epp.
985 2450 1109 2490 coronae
1124 2431 1306 2508 Philippeae.
1345 2431 1430 2490 llius·

254 2518 321 2577 dem
344 2517 449 2594 capitis
473 2523 518 2578 881
540 2538 585 2594 ep.
610 2519 661 2579 72.
684 2514 811 2579 Βάσσου
834 2514 1046 2599 Σμυρναίου
1038 2540 1068 2579 m
1084 2520 1126 2594 P,
1150 2516 1315 2600 Νικάρχου
1330 2519 1362 2577 18
1377 2519 1431 2594 Pl,

254 2607 335 2683 qnod
358 2606 542 2667 Sakolowski
564 2608 584 2666 l.
599 2608 620 2666 l.
639 2628 668 2684 p.
691 2609 742 2667 49.
770 2608 867 2667 Lollio
895 2608 987 2668 Basso
1014 2612 1118 2684 poetae
1146 2609 1278 2685 Philippi
1306 2626 1430 2668 coronae

253 2695 367 2766 tribuit,
390 2696 440 2755 sed
468 2696 625 2755 librarium
651 2697 695 2755 118
722 2696 814 2774 egisse
841 2700 942 2773 putat,
969 2699 1005 2756 ut
1031 2716 1179 2774 nusquam
1207 2698 1237 2755 in
1260 2695 1432 2773 anthologia

254 2785 394 2862 exemplis
416 2784 568 2860 probatur.
606 2786 743 2846 Fortasse
766 2786 860 2845 maior
882 2785 954 2844 fides
976 2785 1111 2844 habenda
1133 2789 1164 2844 81
1178 2786 1231 2857 Ρ1,
1254 2785 1311 2846 8181
1330 2785 1431 2846 credas

253 2873 332 2933 hune
347 2871 475 2934 Bassum
492 2872 688 2950 Smyrnaeum
711 2893 773 2934 esse
796 2893 889 2933 unum
913 2893 949 2934 ex
970 2875 1073 2934 multis
1094 2875 1154 2934 illis
1176 2875 1280 2950 poetis,
1304 2893 1432 2950 quorum

254 2981 348 3022 unum
370 2982 417 3038 ep.
440 2967 592 3022 servatum
614 2963 645 3021 in
668 2964 773 3040 primis
795 2964 827 3022 in
848 2963 924 3023 libro
947 2964 1000 3024 XI.
1022 2967 1176 3040 receptum
1200 2983 1261 3024 esse
1288 2964 1432 3037 videmus,

255 3071 344 3127 quam
369 3051 407 3110 ob
430 3071 494 3110 rem
516 3052 592 3110 nihil
614 3052 688 3112 certi
711 3052 747 3111 de
769 3052 830 3112 illis
853 3051 948 3128 poetis
972 3069 1147 3130 cognoscere
1169 3071 1334 3129 possumus.

343 3140 500 3199 Praeterea
515 3141 546 3199 18
562 3141 665 3200 eodem
681 3160 744 3218 cap.
759 3133 923 3222 ἰσόψηφον
937 3141 1083 3201 Leonidae
1093 3142 1293 3217 Alexandrini,
1309 3160 1355 3217 ep.
1373 3141 1432 3216 70,

247 3226 410 3289 invenitur.

343 3319 398 3394 llp.
415 3319 488 3378 100.
512 3309 628 3400 ἄδηλον
651 3320 681 3377 18
704 3320 746 3394 P,
769 3319 801 3376 in
823 3315 858 3376 E
878 3322 908 3378 81
923 3312 948 3377 S
962 3315 1085 3376 Juliano
1101 3318 1264 3377 Parabatae
1280 3316 1432 3394 tribuitur,
1535 3334 1537 3338 ’

254 3407 377 3466 fortusse
400 3427 418 3466 e
441 3406 561 3466 librario
584 3407 750 3466 (lhristieno
773 3408 875 3466 furore
898 3407 1088 3466 inflammato.

343 3496 398 3572 llp.
424 3495 505 3566 117..
538 3497 619 3572 quod
649 3497 708 3554 iam
736 3496 959 3571 Stndtmueller‚
982 3494 1016 3554 B.
1039 3495 1089 3572 ph.
1112 3495 1160 3554 W.
1189 3495 1274 3554 1895
1305 3515 1334 3571 p.
1358 3495 1432 3554 856.

254 3584 414 3661 genuinum
438 3604 484 3662 ep.
507 3584 663 3662 Stratonis,
686 3585 738 3660 qui
759 3586 875 3643 Musam
898 3584 1045 3660 puerilem
1064 3584 1192 3661 collegit,
1212 3583 1432 3656 demonstrarit,

255 3673 381 3733 fortasse
408 3673 446 3732 ob
474 3692 522 3732 888
548 3693 609 3745 888,
641 3693 715 3751 quas
743 3677 864 3752 tractat,
896 3671 1069 3751 anthologio
1096 3673 1272 3751 Diogeniani
1299 3672 1432 3732 tribuen-

255 3762 327 3821 dum
351 3765 403 3822 est.

344 3851 399 3927 dp.
423 3850 497 3911 123.
519 3852 579 3910 iam
602 3847 756 3928 Knaeok¹)
779 3851 914 3928 spurium
939 3870 1000 3910 esse
1025 3852 1161 3911 ostendit.

343 3940 399 4016 dp.
424 3939 497 4000 129.
521 3939 663 4014 Cerealis;
688 3941 771 4001 88188
795 3959 919 4001 8888888
942 3939 1032 3998 fuerit
1047 3939 1174 3998 (18888118
1189 3938 1351 3997 diiudicare
1374 3956 1432 3996 888

255 4047 420 4104 possumus.

347 4255 367 4322 ¹)
390 4253 426 4337 81.
450 4253 609 4318 Susemihl,
637 4253 721 4324 Alex.
740 4253 810 4336 Litt.
830 4252 992 4336 (188818Π.
1011 4252 1071 4307 533.
1092 4249 1157 4335 adn.
1176 4251 1218 4307 74.
1255 4251 1320 4334 Hac
1343 4249 1379 4304 de
1401 4265 1433 4304 re

256 4323 939 4466 ,11111118ἵεᾶιῼὲγὲόοάἓυῖἒθῗθέῃὲι,ὼωῃὼ
956 4340 1048 4394 genus
1066 4329 1197 4394 retroque
1216 4327 1336 4378 metmoa
1354 4319 1435 4392 apud
