3372 5210
792 280 1011 338 „30-

317 459 426 517 tionem
455 458 545 516 faciat
571 457 750 516 Themistius
777 457 808 514 in
835 456 931 514 medic
959 457 1140 532 relinquens,
1172 461 1275 514 utrum
1303 475 1410 515 munus
1442 455 1489 513 ad-

317 548 464 606 ministret
491 566 529 604 au
552 545 734 622 deposuerit,
767 545 941 615 terminum,
967 548 1036 604 aute
1060 563 1148 621 quem
1171 545 1243 603 haec
1272 545 1366 603 oratio
1389 544 1490 602 habita

316 641 369 710 est,
393 637 544 696 lucramur
566 655 591 693 a.
616 635 644 693 d.
667 634 731 692 XV.
755 633 819 692 Kal.
844 635 927 692 Febr.
950 633 1019 692 anui
1043 635 1116 692 385.

408 724 580 783 Harduiuus
595 723 718 799 primus,
735 741 793 798 quo
809 742 885 781 anno
900 723 991 781 fuerit
1005 720 1040 782 P.
1057 723 1093 780 V.
1109 722 1296 794 Themistius,
1313 722 1490 781 constituere

317 817 440 873 conatus
468 812 514 872 his
539 813 635 872 verbIs
657 812 743 871 uirus
771 815 828 870 est:
862 816 934 870 orat.
956 810 1068 871 XVIII.
1100 831 1128 887 p.
1155 813 1241 870 224·
1264 803 1321 868 οὐκ
1345 801 1407 890 ἄρα
1430 803 1491 888 iyoi

317 895 541 981 σπουδαρχιῶν
556 893 755 974 ὑπέσχοντο)
770 906 852 981 χεῖρε
867 894 908 980 τῇ
923 896 1109 980 πολιαρχίᾳ,
1134 900 1210 958 uude
1225 900 1411 958 efficiendum
1427 919 1489 959 esse

317 991 434 1067 putavit
456 990 652 1049 Themistium
675 995 754 1061 tum,
782 1009 849 1048 cum
878 990 952 1048 banc
976 990 1137 1048 orationem
1164 988 1283 1064 habuit,
1315 989 1344 1046 in
1369 1007 1488 1046 munera

312 1081 422 1160 fuisse:
445 1079 546 1154 itaque
567 1099 635 1137 eum
651 1097 727 1137 anuo
745 1079 818 1138 384.
838 1079 895 1138 hoc
917 1079 1027 1136 honore
1043 1081 1181 1137 ornatum
1196 1071 1327 1154 fuisse.¹)
1359 1078 1490 1136 Alteram

317 1187 435 1227 causam
460 1167 542 1226 addit
564 1169 652 1226 hanc:
680 1186 791 1227 vacuus
814 1167 890 1225 alter
912 1185 1005 1226 annus
1029 1186 1087 1226 nou
1110 1167 1252 1236 occurrit,
1277 1167 1346 1242 quia
1369 1166 1491 1224 alterius

318 1257 442 1316 alicuius
474 1257 617 1332 praefecti
649 1256 717 1315 urbi
748 1256 866 1315 nomine
894 1259 991 1314 eareat
1018 1260 1136 1331 praeter
1160 1259 1303 1332 quattuor
1325 1259 1490 1330 postremos

319 1346 405 1404 huius
428 1345 495 1403 anni
514 1364 628 1405 menses
644 1345 674 1420 (i.
691 1365 715 1404 e.
732 1346 800 1402 anui
818 1344 903 1421 384.)
928 1349 959 1403 et
980 1345 1139 1402 maximam
1162 1348 1276 1421 partem
1300 1344 1489 1419 insequentis.

320 1434 512 1493 Themistium
528 1435 623 1510 igitur
638 1453 705 1493 cum
721 1433 752 1491 in
776 1433 957 1494 orationibus
972 1453 1068 1509 neque
1092 1434 1128 1491 de
1144 1433 1278 1492 Honorio
1301 1432 1371 1491 nato
1395 1452 1490 1508 neque

318 1525 353 1580 de
369 1524 526 1582 Persarum
549 1523 695 1599 legatione
720 1523 839 1594 diceret,
862 1524 937 1582 hanc
961 1523 1121 1581 orationem
1147 1522 1283 1581 habuisse
1305 1541 1403 1581 mense
1420 1522 1490 1596 Sep-

317 1612 424 1670 tembri
448 1612 567 1670 ineunte
584 1612 701 1670 circiter
717 1612 877 1687 eodemque
892 1615 1025 1688 tempore
1044 1611 1262 1687 praefecturam
1277 1611 1375 1670 iniisse
1393 1609 1488 1669 existi·

319 1703 389 1760 mat.
421 1700 506 1770 Quod
523 1701 658 1760 omnibus
682 1700 907 1775 comprobatum
923 1701 1082 1759 Tillemout
1097 1701 1177 1760 solus
1193 1705 1363 1776 suspectum
1381 1699 1492 1768 habuit,

318 1795 416 1846 tamen
448 1789 547 1848 codIce
575 1788 778 1848 Theodosiauo
806 1793 991 1866 repugnante
1019 1790 1095 1849 hanc
1127 1788 1289 1848 orationem
1318 1788 1429 1848 XVIII.
1462 1789 1490 1845 in

319 1878 448 1952 priorem
470 1877 539 1934 anni
564 1879 636 1938 384.
660 1883 776 1952 partem
799 1897 951 1937 removere
980 1897 1036 1937 uon
1061 1897 1150 1937 ausus
1174 1881 1226 1937 est.
1272 1877 1328 1936 Sed
1353 1877 1378 1936 si
1405 1877 1493 1936 verba

220 2015 222 2022 .
320 1966 473 2044 Themistii
495 1966 663 2025 accuratius
686 1967 924 2042 interpretamur,
947 1966 977 2024 id
1001 1986 1092 2024 unum
1110 1967 1226 2026 efficere
1242 1985 1398 2041 possumus
1421 1966 1543 2030 Tho·¹
1634 1959 1635 1998 ³

319 2056 452 2114 mistium
476 2060 558 2114 sexto
581 2055 698 2130 imperii
722 2055 879 2114 Theodosii
895 2074 971 2113 anuo
994 2057 1209 2130 praefecturam
1224 2055 1307 2114 urbis
1330 2055 1389 2113 iam
1414 2074 1493 2114 acce-

316 2145 405 2219 pisse,
435 2144 485 2203 sed
514 2163 572 2202 nou
605 2147 672 2202 tum
701 2144 837 2204 tenuisse.
888 2145 1021 2202 Alteram
1050 2155 1169 2220 quoque
1203 2163 1320 2204 eausam
1349 2143 1494 2202 Harduiui

317 2251 376 2290 non
398 2236 479 2290 recto
503 2234 564 2291 talo
587 2237 665 2291 stare
689 2234 841 2292 ostendere
863 2253 1035 2309 possumus:

408 2321 493 2390 Quod
508 2322 615 2380 horum
638 2326 807 2397 temporum
829 2323 955 2380 iudicem
972 2323 1191 2398 praefectorum
1216 2322 1299 2380 urbis
1316 2321 1414 2396 Opolis
1434 2340 1492 2380 nou

318 2414 470 2469 serratum
502 2413 648 2483 tenemus,
685 2411 769 2468 vaide
798 2412 944 2487 lugemus.
1001 2412 1172 2470 Subsidium
1205 2410 1349 2485 praebent
1381 2411 1492 2469 codices

318 2498 538 2557 Theodosianus
562 2503 591 2557 et
607 2499 802 2570 Iustinianus,
826 2519 953 2575 quorum
977 2519 1012 2557 ex
1027 2499 1267 2575 inscriptionibus
1292 2503 1322 2557 et
1344 2499 1490 2574 subscrip·

317 2588 446 2646 tionibus
464 2589 577 2664 -Iegum
606 2587 808 2646 Gothofredus
839 2589 1003 2647 indiculum
1036 2588 1255 2663 praefectorum
1282 2587 1365 2646 urbis
1393 2583 1494 2664 OpoIIs

316 2678 493 2752 composuit,
509 2695 568 2752 quo
586 2677 757 2736 Harduiuus
779 2678 865 2736 nixus
882 2678 1067 2751 sententiam,
1085 2697 1174 2753 quam
1191 2677 1493 2750 commemoravimus,

318 2767 467 2840 professus
502 2760 588 2846 est.²)
644 2765 701 2824 Sed
731 2770 841 2840 quauta
867 2767 925 2824 fide
958 2767 1040 2843 digni
1068 2770 1137 2826 sunt
1169 2767 1219 2824 isti
1247 2765 1372 2840 iudices,
1405 2784 1492 2841 quam

319 2872 405 2928 saepe
428 2858 514 2912 notae
537 2855 570 2912 P.
585 2856 618 2912 P.
650 2850 703 2934 (=
721 2856 886 2930 praefectus
909 2854 1069 2931 praetorio)
1098 2859 1128 2914 et
1143 2856 1176 2913 P.
1200 2855 1235 2914 V.
1260 2853 1313 2929 (=
1328 2855 1493 2930 praefectus

318 2940 399 3017 urbi)
431 2947 627 3000 commutatae
660 2948 742 3013 sunt,
781 2963 870 3018 quam
902 2947 1041 3021 corrupte
1074 2944 1192 3002 omnino
1230 2943 1434 3019 inscriptiones
1467 2948 1495 3000 et

320 3030 548 3105 subscriptiones
564 3031 690 3089 traditae
706 3026 819 3105 sunt!³)
852 3033 932 3102 Quae
948 3033 972 3092 si
988 3033 1226 3107 consideraveris,
1242 3033 1406 3108 intelleges
1424 3032 1493 3107 quid

320 3119 422 3178 valeat
440 3119 528 3178 index
544 3121 772 3196 magistratuum
797 3141 832 3178 ex
854 3121 900 3197 his
916 3121 1048 3180 fontibus
1064 3123 1197 3181 haustus.
1233 3121 1289 3178 Vel
1305 3121 1372 3180 hinc
1389 3121 1493 3193 elucet,

320 3228 409 3284 quam
445 3227 504 3266 nou
538 3209 695 3284 diligenter
718 3210 890 3270 Harduiuus
919 3211 1045 3269 alterum
1073 3231 1182 3268 anuum
1215 3229 1273 3268 non
1298 3229 1401 3270 vacare
1430 3227 1493 3268 cou-

319 3298 433 3356 tendat:
465 3298 555 3356 immo
584 3317 654 3357 vero
682 3318 747 3356 eum
781 3298 857 3358 falso
890 3300 1065 3358 contendere
1097 3318 1150 3358 nos
1180 3299 1381 3357 demonstrare
1408 3317 1493 3373 posse

318 3405 484 3462 speramus.

407 3473 443 3532 In
466 3476 506 3533 eis
531 3477 720 3549 orationibus,
744 3476 899 3552 inquibus
922 3477 1139 3552 praefecturam
1163 3496 1248 3536 suam
1273 3481 1495 3547 commemorat,

321 3563 501 3622 Themistius
524 3565 674 3624 seditiouIs
695 3566 816 3623 Maximi
839 3566 934 3624 obiter
957 3566 1135 3625 mentionem
1158 3566 1237 3624 facit.
1285 3565 1349 3634 Qua
1372 3585 1494 3626 comme·

321 3654 435 3709 morata
457 3652 617 3710 terminum
647 3654 868 3728 consequimur,
891 3658 959 3729 post
988 3675 1077 3730 quem
1100 3655 1279 3714 ThemIstius
1304 3655 1336 3712 P.
1360 3654 1395 3711 V.
1423 3655 1493 3712 fuit:

320 3759 373 3797 ver
396 3740 464 3797 anni
488 3742 561 3798 383.
585 3760 644 3816 quo
668 3745 800 3817 tempore
831 3743 888 3802 Ista
916 3743 1021 3802 seditio
1050 3748 1153 3819 coepta
1181 3749 1233 3802 est.
1278 3740 1384 3818 Itaque
1412 3742 1495 3801 uobis

321 3829 502 3906 eruentibus
526 3830 635 3905 quibus
658 3831 740 3889 amris
756 3832 935 3891 Themistius
958 3831 1122 3907 praefuerit
1138 3833 1230 3907 cpoli,
1255 3832 1323 3889 anni
1347 3833 1401 3890 soli
1421 3832 1494 3890 383.

320 3922 350 3976 et
375 3919 447 3977 384.
471 3919 502 3975 in
526 3938 645 3978 censum
668 3921 802 3991 veniunt;
832 3939 959 3996 quorum
983 3939 1127 3978 annorum
1149 3921 1315 3996 praefectos
1343 3940 1372 3979 u.
1398 3919 1495 3996 Opolis

321 4008 473 4066 enucleare
496 4027 574 4066 nunc
598 4028 744 4067 conemur.

410 4235 430 4302 ¹)
449 4233 620 4288 Harduiuus
639 4236 705 4290 adn.
726 4236 839 4289 exordii
859 4254 898 4290 or.
911 4237 1023 4291 XVIII.
1044 4255 1071 4306 p.
1086 4237 1147 4292 489.
1168 4245 1197 4290 et
1215 4237 1274 4290 ind.
1295 4236 1424 4290 chronol.

409 4305 429 4368 q
449 4304 482 4360 of.
503 4305 565 4358 cod.
585 4306 694 4362 Theod.
714 4307 758 4360 ed.
778 4306 950 4361 Gothofred.
973 4309 1029 4363 vol.
1044 4308 1095 4362 VI.
1116 4313 1188 4377 part.
1203 4309 1241 4362 ΙΙ.

412 4376 431 4445 ³)
451 4376 486 4430 cf.
507 4377 620 4446 Krtiger
640 4385 791 4432 comment.
812 4379 979 4434 Mommsen.
1009 4398 1036 4449 p.
1052 4381 1093 4434 79.
1114 4397 1174 4448 sqq.
