3372 5210
706 335 749 344 -.
797 303 836 362 37
885 337 927 344 -

318 483 437 558 Optimo
460 480 554 558 igitur
575 480 668 540 nobis·
683 480 840 557 contigisse
863 483 1012 556 putemus,
1034 484 1071 540 ut
1095 480 1223 556 spatium
1243 500 1406 558 paucorum

228 572 375 632 mensium
401 571 662 641 contaminemus,
690 587 750 645 quo
777 589 822 645 ep.
851 569 995 645 scriptum
1022 568 1061 629 sit
1088 589 1106 628 a
1132 574 1234 646 poeta,
1262 571 1346 630 ouius
1369 571 1405 630 de

228 664 327 720 aetate
350 660 469 720 aliunde
491 659 566 718 nihil
588 658 663 719 certi
686 674 861 735 cognoscere
885 677 1051 734 possumus.

692 1097 784 1180 Pars
812 1097 947 1180 altera.

607 1276 669 1374 De
700 1276 795 1374 vita
826 1278 1022 1394 pactast

318 1495 445 1554 Joannes
478 1494 596 1554 Tzotzes
634 1494 758 1571 (proleg.
790 1495 881 1554 schol.
914 1495 950 1553 ad
983 1489 1143 1571 Lycophr.)
1176 1495 1256 1554 solus
1288 1498 1406 1570 praeter

229 1583 414 1662 anthologias
446 1603 512 1659 epp.
536 1583 674 1642 Palladae
705 1583 886 1642 mentionem
917 1583 997 1642 facit.
977 1583 1103 1653 tQui
1126 1587 1193 1659 post
1195 1602 1284 1658 quam
1307 1583 1406 1642 omnia

230 1693 339 1752 genera
360 1691 483 1749 poeseos
507 1677 537 1732 et
560 1676 672 1748 poetaS,
696 1671 748 1747 qui
772 1691 806 1730 aa
825 1672 981 1778 praecipue
1005 1673 1187 1743 exercebant,
1213 1673 1404 1743 enumeravit,

228 1758 287 1822 boc
309 1761 397 1820 modo
420 1755 562 1866 pergitffl:
589 1753 766 1840 Ἐπιμραμμ
752 1755 960 1841 ματογρᾶφοι
983 1754 1018 1819 δὲ
1040 1756 1190 1868 ποιηταὶ·
1230 1755 1405 1868 Σιμωνίδης

230 1843 428 1922 buobarde,
461 1835 499 1907 οὗ
521 1841 687 1958 ᾙρόόοτος
709 1849 880 1930 μέμνηται,
914 1841 1095 1921 Ἀλκμῖοςε
1077 1869 1095 1908 o
1119 1852 1199 1921 νέος,
1230 1843 1266 1920 ὃς
1288 1837 1327 1930 ἦν
1349 1843 1404 1908 ἐπὶ

232 1931 474 1998 Οὐεσπασιανοῖ
489 1933 547 1998 τοῦ
563 1931 718 2044 Ῥωμαίου
740 1934 795 1997 καὶ
813 1937 915 2012 Tl,aov
938 1930 1116 2019 Ἀθήναιος,
1141 1933 1292 2019 Πρόκλος,
1318 1934 1404 1997 Παλ-

229 2022 338 2101 teddo,
361 2020 518 2106 Ἀγαθίας
538 2020 633 2086 καὶ(1
615 2045 714 2108 erepet
731 2023 849 2108 μύριοι.
889 2028 954 2097 Quo
979 2028 1099 2087 consilio
1119 2028 1237 2087 Tzetzcs
1259 2029 1313 2088 hos
1336 2047 1403 2102 poe·

228 2123 274 2178 tas
298 2117 428 2194 elegerit,
451 2117 623 2194 intellegere
646 2135 704 2176 nou
727 2135 893 2194 possumus,
917 2135 986 2175 cum
1009 2120 1039 2174 et
1061 2117 1204 2175 maximae
1220 2119 1251 2174 et
1266 2116 1404 2174 minimae

229 2207 415 2266 auctoritatis
437 2209 540 2283 poetas
564 2210 725 2276 enumeret,
750 2205 801 2264 sed
824 2206 897 2265 alios
920 2208 1023 2281 poetas
1047 2206 1175 2281 optimos
1199 2205 1327 2266 omittat.

318 2295 363 2352 Ex
384 2299 553 2370 temporum
576 2294 690 2356 ratione
706 2294 839 2353 Tnotzem
863 2293 916 2352 hos
939 2297 1042 2370 poetas
1065 2313 1123 2352 non
1147 2312 1320 2352 enumerare
1335 2293 1404 2352 inde

229 2387 367 2460 apparet,
392 2383 472 2458 quod
493 2383 524 2442 in
547 2383 679 2443 seriebus
702 2383 778 2443 alius
801 2402 921 2459 poeseos
944 2383 1060 2460 generis
1083 2383 1155 2442 ordo
1179 2383 1403 2459 chronologicus
1444 2391 1447 2398 ⁴

230 2491 371 2548 persaepe
387 2472 579 2548 perturbatus
595 2476 647 2531 est.
693 2471 734 2531 Ut
749 2492 852 2548 pauca,
875 2476 906 2531 at
927 2472 1071 2531 notabilia
1087 2472 1219 2546 exempla
1242 2471 1405 2548 proferam:

230 2563 348 2620 Tzetzes
380 2561 457 2620 inter
488 2561 596 2637 lyricos
628 2565 729 2637 poetas
756 2559 980 2638 Bacchylidem,
1013 2561 1190 2635 Pindarum,
1222 2560 1405 2619 Simonidem

230 2656 299 2710 ante
322 2649 473 2722 Alcmana,
497 2651 649 2725 Alcaeum,
673 2650 861 2726 Sapphonem
884 2651 976 2725 ponit,
999 2650 1078 2708 inter
1101 2650 1245 2726 elegiacos
1268 2649 1404 2707 Mimner-

230 2760 313 2798 mum
336 2743 404 2816 post
427 2739 648 2798 Callimachum.
694 2738 818 2798 Accedit
846 2738 926 2814 quod
950 2738 1064 2797 codices
1087 2738 1145 2813 ipsi
1173 2737 1306 2797 ordinem
1334 2755 1405 2814 poe·

229 2833 330 2887 tarum
353 2847 412 2886 non
436 2827 560 2885 eundem
576 2829 701 2887 servant.
747 2827 791 2884 Ex
806 2827 904 2886 verbis
926 2827 958 2884 in
980 2826 1098 2902 primis:
1126 2818 1267 2896 Ἀλκαῖος
1289 2818 1308 2885 ὅ
1331 2824 1407 2898 νέος,

231 2909 267 2986 ὃς
289 2902 328 2995 ἦν
351 2935 379 2975 κ.
393 2933 419 2974 τ.
434 2911 461 2974 l.
485 2916 701 2992 cognoscimus,
730 2935 819 2991 quam
842 2917 915 2974 falso
944 2919 975 2975 et
1001 2915 1192 2993 indiligenter
1214 2915 1330 2974 Tzeines
1353 2915 1406 2975 has

230 3005 320 3066 series
336 3005 543 3080 composuerit.
551 2998 578 3086 ³)
612 3003 724 3074 Quibus
748 3024 783 3062 ex
805 3005 901 3064 causis
917 3004 953 3062 de
968 3001 1109 3064 Palladae
1125 3009 1191 3064 aeta
1159 3007 1219 3064 tate
1236 3024 1271 3063 ex
1286 3005 1406 3063 Taetzae

230 3094 329 3154 verbis
344 3092 419 3152 nihil
442 3112 600 3170 possumus
623 3093 735 3153 elicere.
767 3091 867 3152 Nihilo
884 3093 953 3170 plus
976 3095 1055 3153 valet
1077 3093 1108 3152 id
1123 3094 1205 3169 quod
1221 3093 1406 3154 Phavorinus

230 3183 261 3242 in
284 3183 377 3242 lexico
401 3181 480 3258 dicit,
506 3202 594 3259 quem
618 3183 740 3242 Tzetzae
763 3183 854 3242 libros
877 3183 1062 3260 exscripsisse
1086 3187 1208 3242 constat.

320 3272 428 3347 Itaque
452 3291 517 3348 epp.
541 3272 680 3331 Palladae
703 3271 760 3331 soli
781 3275 843 3332 rest
844 3276 895 3330 ant
882 3272 1023 3347 t,fontes
1046 3271 1124 3330 unde
1148 3271 1260 3346 aliquid
1284 3270 1320 3328 de
1344 3271 1407 3329 vita

230 3361 368 3419 Palladae
392 3378 567 3437 cognoscere
590 3361 687 3420 liceat

320 3549 340 3618 ¹)
363 3549 572 3602 Tractaverunt
596 3547 672 3602 hanc
696 3565 755 3602 rem
779 3549 834 3603 viri
863 3547 942 3603 docti
919 3553 1084 3619 tpracter
1111 3547 1294 3602 brevissimas
1322 3554 1406 3604 notas

230 3619 383 3688 librorum,
404 3618 510 3690 quibus
528 3619 650 3673 historia
668 3619 830 3674 litterarum
849 3619 1025 3676 Graecarum
1043 3619 1224 3686 describitur,
1244 3619 1407 3703 exquibus

231 3690 353 3746 Ohrisui
371 3663 577 3746 terreantur.
598 3689 765 3762 Goach..³p
784 3692 844 3746 795.
868 3691 1024 3760 uberrime,
1043 3708 1185 3761 nusquam
1204 3690 1262 3745 nisi
1280 3691 1312 3745 in
1330 3688 1407 3744 indi·

231 3761 313 3817 cibus
332 3762 506 3833 scriptorum
525 3763 603 3817 aut
595 3780 627 3817 rn
645 3761 887 3833 encyclopaediis.
925 3763 971 3816 Ex
989 3734 1036 3817 his
1055 3780 1204 3818 enumero:

319 3834 404 3903 Voss,
424 3833 460 3889 do
472 3839 560 3890 veter
574 3840 651 3904 poet.
665 3840 745 3903 temp
747 3833 882 3889 oribusl.
896 3834 983 3889 ΙΙ.-
996 3834 1110 3900 Sarius,
1124 3833 1301 3889 Onomastio.
1315 3832 1405 3903 praef

231 3923 258 3975 p.
272 3905 369 3961 XXX.
384 3935 418 3946 -
430 3905 595 3960 Fabricius·
596 3905 709 3975 Harles,
723 3905 859 3961 biblioth
873 3905 923 3960 Gr.
936 3905 1030 3975 IV..
1119 3903 1281 3970 -Jacoba,
1292 3903 1406 3957 Ersohii

231 3981 261 4030 et
275 3975 400 4032 Gruberi
419 3993 492 4046 ancy
493 3977 577 4031 cl.—
589 3977 692 4046 Baehr,
710 3977 814 4030 Paul
786 3994 908 4046 yy1enc
910 3976 993 4032 cl.—
1002 3906 1135 4044 (ilinton,
1154 3975 1219 4031 fast.
1232 3975 1317 4030 Rom.
1337 3974 1405 4045 epit.

273 4042 381 4100 361.-
399 4047 532 4117 Mueller,
552 4048 642 4102 schol.
655 4049 775 4102 Tzetnae
791 4047 827 4101 ad
841 4048 972 4118 Lycoph.
991 4047 1051 4103 ind.
1070 4047 1167 4118 script.
1181 4047 1236 4102 111.
1256 4065 1285 4117 p.
1299 4046 1360 4100 155.
1372 4077 1404 4088 -·

230 4061 381 4185 11515115,
364 4119 449 4172 notit.
467 4124 674 4188 poetarum-
693 4119 808 4183 Jacobs,
828 4119 988 4190 catalogp
991 4123 1120 4174 cetarum
1133 4119 1167 4173 A.
1182 4117 1232 4176 Gr.
1251 4117 1308 4174 vol
1321 4117 1405 4170 XIII

319 4189 331 4222 ²
332 4189 481 4257 )Taetaac
500 4189 589 4245 schol.
610 4188 647 4242 ad
657 4190 795 4260 Lycoph.
815 4190 859 4245 ed.
873 4190 1032 4245 MuellerI.
1051 4207 1079 4259 p.
1097 4189 1159 4246 858.
1194 4190 1277 4255 Quae
1296 4188 1407 4244 scholia

231 4261 301 4330 quin
320 4195 357 4314 ab
370 4260 492 4329 Joanne‚
512 4278 571 4314 non
590 4259 627 4314 ab
640 4260 752 4315 Isaacio
765 4261 870 4316 Taetza
888 4263 995 4333 scripta
1014 4261 1080 4329 sint,
1099 4277 1185 4316 nemo
1203 4261 1262 4316 iam
1281 4259 1405 4315 dubitat.

320 4331 446 4402 ⁸)Quod
465 4333 569 4390 iamJ.
584 4330 619 4386 G.
633 4329 791 4388 Schneider
805 4333 940 4400 ostendit,
959 4332 1079 4404 pericul.
1100 4333 1191 4388 critic
1211 4333 1242 4386 in
1261 4332 1341 4386 anth
1356 4331 1404 4386 Gr

230 4420 258 4473 ι
272 4403 314 4458 98
329 4421 390 4474 sqq
