3372 5210
700 345 744 353 -
791 313 831 370 53
868 343 921 354 .-

314 487 388 563 blpp.
402 488 451 548 12.
469 493 498 546 et
515 489 565 546 12.
602 488 710 548 Alcaeo
720 489 868 565 adscripta
883 495 961 561 sunt,
977 510 1008 547 ex
1027 490 1135 565 quibus
1151 510 1197 566 ep.
1215 491 1285 551 12.·
1297 516 1337 541 =
1348 490 1399 549 IX.

227 577 300 634 519.
323 575 393 634 item
418 596 435 634 a
457 575 658 636 Sakolowskio
681 578 862 654 neglectum,
890 579 921 636 in
944 578 1020 636 libro
1043 578 1094 639 IX.
1117 579 1195 638 inter
1217 579 1274 637 alia
1297 578 1401 639 Alcaei

225 685 291 740 epp.
315 668 410 724 exstat
432 667 463 723 et
486 685 504 723 a
527 665 693 726 Susamihlo
715 667 735 725 l.
751 666 770 724 l.
786 663 826 724 H.
842 686 871 742 p.
889 667 962 726 544.
977 662 1055 726 inter
1070 667 1198 744 genuina
1214 687 1280 744 epp.
1297 669 1399 728 Alcaei

224 757 378 829 receptum
401 759 455 828 est,
479 773 546 813 oum
570 754 605 812 de
633 774 664 812 re
687 755 795 814 Alcaeo
823 755 941 830 aequali
969 756 1112 831 scriptum
1145 757 1185 815 sit
1211 757 1281 814 item
1310 761 1399 834 atque

224 842 353 913 XI.12.,
377 843 456 918 quod
480 843 713 902 aSakolowslrio
736 844 798 903 solo
821 843 852 902 in
875 843 999 903 dubium
1015 848 1146 904 vocatur.
1182 844 1302 922 Causae,
1326 865 1399 921 quas

224 931 275 989 ille
298 931 404 1002 adfert,
427 931 508 990 haud
523 931 692 1008 probabiles
708 936 784 1007 sunt,
807 952 874 990 nam
891 937 926 992 ut
941 933 1113 992 omittamus
1129 934 1162 995 P.
1177 937 1207 992 et
1221 934 1267 993 Pl.
1290 934 1399 994 formas

224 1020 391 1079 dialecticas
406 1024 467 1078 tam
483 1021 563 1080 varie
577 1020 703 1092 tradere,
725 1025 762 1081 ut
785 1041 820 1080 ex
835 1021 961 1081 dialecto
981 1022 1044 1081 sola
1059 1023 1132 1080 nihil
1147 1023 1184 1081 de
1200 1041 1267 1099 epp.
1283 1023 1399 1082 efficere

224 1109 386 1184 possimus,
427 1109 592 1168 invenimus
627 1109 716 1168 etiam
762 1130 845 1186 epp,
892 1111 923 1168 in
963 1111 1071 1185 quibus
1106 1111 1233 1170 Alcaeus
1274 1111 1398 1170 dialecto

224 1198 323 1256 Ionica
354 1197 417 1257 sole
443 1198 541 1257 utitur
568 1198 606 1259 cf.
629 1199 664 1258 V.
690 1200 722 1272 9,
753 1199 818 1257 VII.
842 1200 919 1274 247,
950 1201 1027 1272 495,
1055 1199 1122 1259 XIL
1147 1200 1198 1258 64.
1244 1201 1400 1259 Praeterea

189 1355 191 1361 Ι
224 1286 408 1346 Sakolowski
435 1286 595 1346 arbitratus
622 1286 800 1346 Nicarcbum
829 1307 873 1363 ep.
896 1288 948 1346 XI.
974 1288 1001 1346 1.
1025 1287 1081 1346 sibi
1109 1309 1154 1364 ep.
1177 1288 1228 1348 XI.
1255 1289 1304 1348 12.
1331 1289 1396 1347 imi·

224 1375 347 1436 tandum
369 1375 571 1452 proposuisse,
596 1395 640 1452 ep.
666 1378 715 1434 12.
744 1375 864 1436 Lucillii
891 1395 954 1438 esse
982 1377 1101 1447 conicit,
1130 1377 1211 1452 quod
1236 1376 1399 1438 Nicarchus

223 1464 370 1523 neminem
407 1464 463 1523 nisi
501 1464 661 1544 Lucillium
698 1465 832 1524 imitatus
871 1465 918 1524 sit.
964 1465 1021 1524 Sed
1052 1466 1083 1524 id
1115 1466 1235 1541 quidem
1267 1466 1398 1524 nondum

224 1553 456 1612 demonstratum
496 1553 651 1626 habemus,
689 1554 769 1630 qnod
802 1554 892 1613 etiam
923 1554 954 1612 iu
993 1554 1185 1614 Sakolowskii
1223 1554 1312 1625 libre,
1350 1554 1399 1613 cui

223 1640 391 1716 Nicarehus,
414 1645 450 1700 ut
474 1645 518 1702 est
540 1645 629 1718 poeta
651 1643 816 1720 anthologii
838 1643 1026 1720 Diogeniani,
1054 1643 1227 1702 tractandus
1251 1647 1328 1716 erat,
1352 1643 1398 1700 de·

223 1733 419 1790 monstratum
462 1731 670 1790 desideramus.
739 1732 917 1790 Aeouratius
957 1730 1159 1807 inspiciamus,
1208 1751 1267 1806 quo
1310 1731 1398 1791 modo

222 1818 384 1880 Nicarohus
408 1820 521 1895 ep.12.
543 1820 677 1879 imitatus
700 1838 761 1879 0000
784 1821 977 1880 eiristimetur.
1014 1818 1096 1878 Nihil
1120 1820 1294 1894 invenimus,
1317 1820 1399 1896 quod

224 1908 350 1966 habeant
388 1926 543 1967 commune
574 1909 645 1967 baec
683 1928 749 1984 epp.
782 1909 838 1968 nisi
869 1909 1036 1985 exemplum
1065 1908 1201 1969 allatum:
1235 1898 1319 1980 οἶνος
1346 1904 1397 1968 καὶ

224 1995 400 2078 Κένταυρον
431 1989 604 2056 ἀπώλεσεν.
661 1996 743 2067 Quae
775 1998 866 2058 verba
897 2002 950 2057 aut
981 2017 1015 2057 ex
1049 1998 1170 2056 Homeri
1197 1997 1251 2057 Od.
1275 2015 1301 2077 φ
1325 2000 1399 2056 295.

224 2089 413 2161 sumpserunt
445 2089 550 2162 poetae
583 2090 637 2146 aut
669 2106 704 2144 ex
735 2087 962 2163 proverbiorum
989 2105 1060 2158 usu,
1088 2087 1124 2145 cf.
1153 2084 1324 2146 Callimachi
1352 2106 1398 2161 ep.

223 2173 290 2232 Vll.
316 2175 392 2245 725,
415 2175 457 2233 ita
478 2178 514 2234 ut
537 2173 665 2234 alterum
689 2195 723 2233 cx
746 2177 839 2234 altero
863 2195 907 2250 op.
930 2175 1057 2252 pendere
1080 2193 1268 2250 nequaquem
1292 2177 1399 2250 putan-

221 2262 294 2322 dum
316 2264 362 2324 sit.

312 2351 416 2428 Itaque
436 2373 501 2428 epp.
523 2354 572 2413 12.
596 2357 627 2411 et
646 2353 717 2411 12.1
731 2372 850 2429 quoque
866 2353 994 2429 genuina
1008 2352 1175 2428 fragmenta
1189 2356 1259 2410 sunt
1274 2370 1398 2411 coronae

224 2441 377 2518 Meleagri3
400 2460 447 2518 ep.
470 2441 521 2504 XI.
548 2442 598 2501 12.
621 2442 765 2501 insertum
789 2446 835 2501 est
853 2442 976 2502 fortasse
991 2444 1115 2518 propter
1129 2458 1238 2500 nomen
1253 2440 1398 2516 Epicratis

222 2528 299 2588 idem
322 2530 353 2587 in
377 2549 420 2605 ep.
447 2531 497 2589 11.
521 2535 792 2608 commemoratum,
817 2550 996 2606 quamquam
1020 2549 1079 2589 non
1103 2529 1230 2588 eundem
1250 2529 1398 2587 hominem

221 2617 396 2695 significant.
1406 2613 1409 2618 ’

310 2709 364 2783 Ep.
386 2708 438 2767 XI.
465 2709 492 2768 7.
516 2703 696 2788 Νικάνδρου
719 2710 761 2779 Ρ.,
785 2703 949 2787 Νικάρχου
972 2707 1017 2766 Pl.
1041 2706 1231 2776 Schneidero,
1260 2704 1396 2765 Nicandr.

222 2817 250 2872 p.
276 2798 326 2856 37.
349 2796 569 2856 demonstrante
592 2796 737 2867 Nicarchi,
761 2797 863 2873 itaque
885 2795 1048 2873 anthologii
1069 2795 1245 2872 Diogeniani
1268 2798 1321 2855 est.

310 2886 522 2962 Fragmentum
555 2886 629 2946 alius
662 2885 854 2956 collectionis
886 2904 944 2943 non
972 2903 1095 2944 coronae
1123 2883 1397 2953 Thessalonicensis,

221 2974 302 3050 quod
337 2977 425 3050 putat
455 2973 637 3034 Sakolowski
670 2976 691 3034 1.
721 2976 741 3033 l.
772 2995 800 3050 p.
828 2975 870 3047 7.,
900 2993 969 3033 oum
998 2973 1136 3033 Jacobsio
1167 2976 1197 3032 et
1227 2976 1295 3049 post
1329 2992 1396 3048 eum

222 3058 383 3140 Bergki01)
404 3082 554 3123 censemus
575 3084 640 3141 epp.
656 3064 707 3122 XI.
725 3064 875 3137 47-49,
895 3062 1071 3140 praesertim
1087 3081 1155 3122 oum
1171 3061 1261 3120 etiarn
1281 3061 1312 3120 in
1330 3081 1396 3137 epp.

223 3151 273 3212 lx.
299 3152 483 3211 715-718.
510 3151 704 3212 Anacreontis
728 3153 759 3212 et
780 3153 876 3211 Eueni
898 3152 1018 3210 nomina
1040 3151 1196 3210 coniuncta
1219 3145 1397 3228 legantur.'²)

312 3241 456 3301 Stratonis
479 3260 598 3318 quoque
621 3262 687 3318 epp.
710 3242 768 3300 tria
791 3241 898 3300 bacin
921 3246 1005 3316 parte
1028 3240 1233 3298 inveniuntur:
1260 3257 1325 3313 epp.
1347 3239 1396 3309 19,

223 3330 276 3402 21,
299 3331 350 3390 22.
395 3330 577 3406 Stratonem,
602 3331 654 3406 qui
682 3349 742 3406 qna
763 3331 793 3388 in
817 3348 925 3389 corone
946 3331 1084 3404 receptus
1107 3329 1158 3395 sit,
1190 3326 1279 3385 etiam
1303 3326 1395 3386 Salvo-

223 3418 338 3477 lowshii
347 3418 550 3479 dissertatione
565 3419 698 3478 nondum
713 3419 891 3494 explicatum
914 3421 968 3492 eat,
991 3416 1221 3474 Stedtmuellero
1245 3408 1396 3491 auctore⁸)

222 3507 297 3566 nihil
326 3507 433 3566 habere
467 3526 535 3566 cum
562 3507 738 3584 Diogeniani
770 3506 941 3584 anthologio
974 3505 1038 3565 veri
1071 3505 1196 3565 similius
1228 3503 1301 3562 mibi
1334 3523 1396 3566 0000

221 3595 347 3658 videtur.

310 3685 354 3744 Ex
376 3685 508 3762 Philippi
531 3704 638 3745 corone
660 3686 750 3762 longa
773 3685 861 3745 series
885 3683 921 3742 ab
945 3683 1053 3743 ultimo
1076 3703 1122 3759 ep.
1143 3674 1227 3741 κατὰ
1242 3687 1396 3755 στοιχεῖον

221 3772 362 3849 incipieus
385 3775 492 3834 collata
514 3777 567 3850 est,
590 3773 621 3832 in
644 3793 703 3850 qua
725 3794 790 3851 epp.
816 3775 866 3832 27.
890 3777 920 3832 et
944 3774 994 3832 39.
1018 3773 1151 3832 ordinem
1174 3770 1396 3830 elementarium

222 3863 368 3921 servantia
386 3863 557 3922 Macedonio
580 3863 728 3938 adscripta
750 3863 882 3922 eiusdem
910 3880 972 3921 0000
995 3879 1053 3920 000
1078 3867 1201 3936 possunt
1224 3858 1395 3932 Macedonii,

221 3951 307 4011 cuius
331 3971 396 4028 epp.
421 3951 579 4028 Agatbiam
604 3951 755 4030 collegisse
779 3953 901 4010 constat.

311 4121 787 4224 ;)Ρο01.1)’110.(0101110274.
1064 4191 1069 4202 .
1107 4190 1113 4202 Ι
1148 4190 1178 4243 Ὗ
1215 4188 1246 4243 di
1351 4190 1386 4243 50

220 4215 339 4334 aaut
351 4193 542 4334 iltuit.
556 4193 789 4335 Allata
803 4196 1229 4334 9030919οἓ909,
1247 4205 1394 4330 7301300

220 4351 283 4390 esse
302 4336 418 4390 conicit.

311 4407 332 4476 8)
351 4408 384 4465 Β.
402 4407 451 4482 ph.
472 4407 517 4462 W.
538 4407 614 4462 1895.
633 4425 661 4477 p.
675 4406 735 4460 356.
