3372 5210
765 342 985 398 -52-

290 522 394 578 tenent
415 519 447 577 in
470 518 573 595 primis
596 537 699 578 versus
722 537 757 576 ex
779 517 875 588 libris,
907 517 1031 576 fortasse
1063 516 1153 575 etiam
1181 537 1214 575 ex
1242 516 1392 592 lapidibus
1415 515 1467 594 (cf.

289 629 334 685 ep.
360 602 466 684 111.1)
490 607 614 666 collecti.
661 606 742 676 Quae
766 625 831 683 epp.
855 609 908 664 aut
935 597 1037 686 ἄδηλα
1059 608 1113 664 aut
1136 599 1373 683 ψευδουόματα,
1397 626 1465 665 cum

292 697 413 756 nomina
435 716 453 754 a
475 696 636 756 recentiore
659 695 779 754 librario
803 695 952 770 adscripta
974 693 1047 753 falsa
1070 713 1132 753 esse
1155 694 1351 754 demonstrari
1374 695 1466 771 possit

291 790 343 844 aut
365 779 424 844 iani
447 805 464 842 a
487 785 532 844 Pl.
556 784 663 844 omissa
686 785 753 856 sint.
776 784 855 842 haud
879 782 967 842 dubie
991 782 1127 858 explendi
1150 802 1237 842 causa
1252 783 1289 842 ad
1306 785 1341 844 X.
1355 783 1466 843 librum

290 875 392 933 addita
423 877 492 933 sunt
523 873 595 932 item
627 877 717 948 atque
748 872 924 947 appendices
956 872 1105 931 breviores
1136 873 1167 930 in
1198 872 1255 932 fine
1278 873 1328 931 IX.
1357 876 1387 931 et
1414 873 1465 932 XI.

289 963 435 1022 librorum
458 981 549 1020 mauu
571 961 733 1021 recentiore
757 961 928 1036 adscriptae.
972 960 1076 1037 Neque
1099 964 1198 1019 tamen
1226 964 1272 1020 est
1297 962 1466 1039 negandum
1499 957 1501 962 ’

291 1053 371 1111 hunc
403 1052 624 1126 compilatorem
656 1050 778 1110 fortasse
811 1049 1013 1109 collectionem
1045 1069 1111 1126 epp.
1143 1050 1282 1109 Palladae
1320 1054 1465 1110 servatam

289 1140 426 1214 tenuisse,
450 1140 486 1200 cf.
509 1139 585 1197 infra
608 1160 637 1215 p.
663 1141 712 1198 72.

380 1228 485 1287 Liber
505 1228 556 1288 XI.
580 1247 648 1304 quo
672 1228 772 1286 modo
801 1227 1021 1302 compositus
1049 1225 1108 1297 sit,
1137 1247 1154 1285 a
1178 1227 1379 1287 Sakolowslrio
1402 1228 1422 1288 l.
1445 1228 1466 1286 l.

245 1383 250 1392 ¹
291 1339 319 1394 p.
345 1319 394 1376 72.
418 1336 481 1393 sqq.
503 1336 689 1392 nequaquam
714 1317 902 1392 explanatum
927 1319 983 1388 est,
1012 1316 1061 1374 eui
1088 1319 1149 1376 tres
1177 1335 1281 1376 causae
1304 1316 1466 1375 obsistunt:

382 1406 411 1465 l.
442 1406 577 1463 Primum
609 1405 743 1481 quaestio
775 1425 848 1463 num
880 1404 955 1462 liber
986 1404 1038 1463 XI.
1066 1425 1083 1462 a
1115 1403 1304 1464 Constantino
1337 1404 1466 1480 (lephala

292 1496 433 1554 collectus
457 1495 507 1566 sit,
536 1512 595 1552 non
623 1498 685 1552 tam
714 1493 810 1553 obiter
831 1493 1094 1569 praetermittenda
1126 1497 1183 1569 est,
1216 1498 1250 1553 ut
1282 1489 1467 1554 Sakolowski

291 1583 526 1642 dubitationibus
549 1582 749 1653 Henrichseni,
773 1582 944 1660 Weigandi,
972 1581 1194 1641 Stadtmuelleri
1216 1582 1360 1660 neglectis
1381 1601 1465 1658 prae·

291 1673 439 1732 termittit

383 1762 412 1820 2.
434 1761 567 1837 Vestigia
590 1779 712 1820 coronae
736 1760 877 1836 Meleagri
900 1779 934 1818 ex
957 1760 1011 1819 hoc
1024 1760 1101 1819 libro
1117 1761 1247 1820 amoveri
1262 1779 1320 1818 non
1335 1765 1468 1835 possunt.

294 1850 373 1926 quod
407 1849 590 1908 Sakolowski
622 1852 743 1908 conatus
770 1853 814 1907 est
846 1869 912 1924 epp.
945 1867 1021 1924 quae
1053 1849 1170 1909 duobus
1197 1849 1271 1909 locis
1298 1850 1467 1923 traduntur,

292 1957 350 1997 non
373 1939 523 2013 respectis.

383 2027 412 2086 3.
444 2025 518 2085 Cum
551 2027 629 2084 inter
659 2025 779 2084 Lucillii
811 2028 841 2084 ct
867 2025 991 2084 Luciani
1023 2046 1089 2102 epp.
1118 2030 1198 2086 certo
1230 2026 1375 2103 distingui
1406 2044 1464 2084 non

292 2115 400 2191 possit,
431 2114 462 2172 id
495 2115 575 2191 quod
607 2115 789 2174 Sakolowslri
820 2115 909 2174 sent't
940 2115 1038 2173 omnia
1068 2115 1137 2173 libri
1169 2116 1219 2175 XI.
1248 2135 1313 2192 epp.
1341 2114 1464 2173 Luciani

287 2223 398 2263 nomen
426 2223 496 2279 prae
528 2223 558 2262 se
590 2204 713 2262 ferentia
744 2203 845 2279 spuria
877 2221 938 2263 esse
971 2203 1143 2279 arbitratus,
1176 2205 1263 2264 nimis
1293 2203 1466 2262 festinanter

293 2292 456 2352 iudicatum
481 2297 533 2351 est.

352 2393 358 2405 ⁴
383 2379 499 2440 Gertius
521 2399 575 2439 nos
597 2381 759 2439 diiudicare
783 2401 868 2457 posse
892 2399 1044 2456 speramus
1067 2400 1134 2457 epp.
1157 2400 1217 2441 non
1239 2385 1386 2452 auctores
1414 2379 1465 2440 sed

293 2472 468 2546 argumenta
498 2473 723 2545 perscrutantes.
773 2469 868 2528 Etiam
900 2469 975 2528 liber
1006 2471 1056 2528 XI.
1088 2470 1199 2529 divisus
1232 2474 1276 2529 est
1307 2471 1338 2528 in
1369 2473 1466 2545 partes

293 2562 366 2618 tres:
398 2558 528 2616 Primam
560 2561 675 2634 partem
708 2577 773 2634 epp.
798 2553 916 2620 1-64.
944 2558 1097 2634 inscriptio
1121 2558 1206 2617 docet
1229 2559 1377 2618 continere
1399 2577 1465 2632 epp.

294 2646 465 2722 convivalia,
488 2666 564 2723 quae
588 2666 770 2723 quamquam
792 2648 932 2724 pleraque
955 2645 1134 2706 numeranda
1160 2650 1229 2704 sunt
1254 2646 1285 2704 in
1309 2665 1375 2721 epp.
1404 2646 1465 2703 irri-

294 2736 388 2808 soriis,
403 2740 502 2794 tamen
517 2738 609 2795 altera
624 2736 873 2812 suprascriptione
889 2736 926 2794 ad
942 2756 987 2812 ep.
1004 2738 1054 2795 65.
1071 2735 1171 2793 addita
1186 2735 1224 2793 ab
1240 2754 1306 2811 epp.
1326 2735 1466 2794 irrisoriis
1526 2806 1530 2812 ἡ

294 2828 408 2884 secreta
431 2829 507 2886 sunt.
554 2824 611 2885 Sed
634 2844 667 2883 re
689 2843 762 2885 vera
782 2826 837 2884 hac
859 2826 890 2882 in
913 2828 997 2901 parte
1020 2844 1079 2883 non
1102 2824 1197 2884 solum
1221 2844 1287 2899 epp.
1302 2823 1467 2900 sympotica

296 2916 374 2986 sunt.
398 2913 448 2972 sed
473 2914 562 2972 etiam
583 2913 752 2972 intermixta
775 2915 904 2989 sooptica
924 2909 1002 2995 (epp.
1021 2915 1049 2988 9,
1068 2907 1221 2993 15-19.)
1237 2912 1347 2972 erotica
1363 2911 1404 2989 (7,
1422 2913 1466 2982 9⁵,

296 3000 359 3078 30.)
382 3001 582 3076 paedcrastica
613 2997 679 3082 (21,
704 3004 754 3072 22,
780 3004 831 3075 36,
856 2998 1008 3080 51-53.)
1037 3001 1162 3078 aliaque.
1209 3001 1317 3060 Omnes
1345 3020 1469 3060 coronae

295 3108 354 3148 uno
378 3089 468 3164 Cyclo
491 3090 638 3166 Agathino
661 3095 781 3166 excepto
805 3110 869 3166 epp.
894 3091 1087 3150 contulerunt
1108 3091 1146 3149 ad
1168 3090 1244 3150 hanc
1265 3095 1392 3167 partem.

383 3179 427 3236 Ex
459 3178 602 3256 Meleagri
635 3179 776 3254 stephano
804 3179 875 3238 haec
902 3180 1001 3238 inveni
1028 3195 1108 3255 epp:
1140 3180 1194 3255 Ep.
1220 3181 1263 3238 9?
1284 3203 1323 3228 =
1341 3179 1376 3236 V.
1395 3178 1469 3236 161.

295 3271 363 3344 post
394 3287 439 3343 ep.
473 3269 500 3328 9.
532 3268 676 3326 insertum
710 3287 728 3325 a
759 3267 853 3327 scriba
884 3267 910 3325 B
942 3262 1126 3344 Σιμωνίδου,
1154 3269 1253 3344 priore
1280 3269 1344 3326 loco
1372 3267 1407 3325 ab
1431 3266 1468 3324 A.

294 3350 425 3416 Ἡδύλου
450 3349 479 3415 οἱ
500 3349 535 3415 δὲ
556 3348 785 3436 Ἀσκληπιάδου
806 3357 984 3432 inscriptum
999 3359 1051 3417 est.
1081 3356 1146 3415 Hoc
1168 3377 1213 3433 ep.
1233 3377 1255 3416 a
1269 3355 1471 3416 Sakolowskio

296 3446 534 3522 praetermissum
556 3447 705 3517 nimirum,
721 3446 801 3523 quod
815 3446 846 3504 in
862 3446 1040 3505 editionibus
1063 3465 1121 3505 non
1143 3446 1290 3504 iterantur
1312 3446 1383 3504 baec
1403 3464 1468 3520 epp.

295 3535 340 3594 bis
367 3534 486 3611 tradita,
510 3554 544 3592 ex
567 3536 655 3611 longa
677 3534 745 3594 libri
761 3537 796 3594 V.
820 3535 893 3594 serie
916 3554 1039 3594 coronae
1054 3535 1196 3612 Meleagri
1215 3537 1351 3610 ereptum
1371 3533 1407 3592 ad
1424 3552 1471 3608 ep.

297 3623 332 3682 V.
358 3623 431 3682 158.
461 3623 647 3681 referendum
680 3622 738 3697 est,
771 3624 851 3700 quod
882 3625 953 3682 item
986 3643 1002 3681 a
1029 3627 1117 3700 poeta
1144 3623 1308 3700 Meleagreo
1341 3621 1468 3698 quodam

297 3711 376 3769 haud
399 3709 488 3768 dubie
512 3711 655 3786 scriptum
678 3714 731 3768 est.
777 3711 856 3780 Quas
880 3712 917 3769 ob
940 3731 1042 3771 causas
1066 3711 1137 3787 quin
1160 3711 1216 3770 boc
1239 3732 1283 3786 ep.
1302 3713 1339 3769 9⁵
1362 3711 1468 3769 Melea·

297 3819 384 3878 greae
407 3817 529 3859 coronae
553 3799 653 3872 fuerit,
675 3816 733 3857 non
757 3807 802 3857 est
825 3799 1031 3858 dubitandum.
1039 3794 1063 3879 2)
1109 3800 1230 3857 Praeter
1252 3799 1308 3857 hoc
1336 3819 1382 3874 ep.
1410 3799 1470 3857 duo

297 3887 407 3967 Hedyli
425 3907 490 3964 epp.
512 3892 627 3947 exstant
648 3888 679 3947 in
701 3887 777 3946 libro
794 3887 853 3964 XL,
877 3907 942 3964 epp.
961 3888 1032 3948 123.
1049 3891 1079 3946 et
1095 3888 1177 3958 414.
1198 3905 1273 3962 quae
1289 3886 1471 3946 Sakolowski

298 3979 334 4037 de
357 3978 444 4038 nimis
467 3977 580 4038 levibus
604 3977 712 4047 causis,
736 3977 857 4036 Knaack
880 3977 916 4046 de
945 3976 1120 4036 certioribus
1148 3975 1244 4035 causis
1271 3975 1381 4050 Hedyli
1409 3993 1473 4035 esse

298 4061 427 4143 negat.³)

389 4292 409 4392 ἓ)
429 4290 465 4343 cf.
480 4289 510 4344 (l.
524 4290 547 4344 1.
561 4290 595 4345 A.
611 4291 679 4344 1935
692 4313 727 4335 =
740 4289 855 4357 Kaibel,
874 4290 958 4375 ipscr.
978 4307 1014 4374 ex
1033 4291 1092 4360 lap.
1112 4289 1178 4344 coll.
1194 4289 1272 4344 1116,

389 4365 410 4502 at
429 4360 688 4499 tltllltlllr
703 4359 1029 4490 ilcestrlttts
1044 4378 1115 4486 tl..
1130 4431 1171 4487 a.
