3372 5210
729 311 948 368 ..87-

340 492 570 566 Persequamur,
592 508 652 564 quo
676 489 763 546 inodo
782 489 918 548 Palladas
942 488 1070 565 reliquas
1094 489 1183 566 lcg'es,
1207 507 1280 564 quas
1306 488 1426 546 Alexan-

252 580 330 638 drini
361 578 539 636 hexametris
566 577 707 643 faciendis
740 581 965 653 proposuerant,
999 578 1205 637 observaverit.
1256 577 1291 646 In
1323 577 1431 657 multis,

251 668 310 728 illis
333 667 429 742 libris,
458 667 625 743 quibusda
649 665 927 740 Alexandrinorum,
954 666 985 724 in
1014 661 1119 742 primis
1142 664 1312 726 Callimachi
1337 665 1426 724 rebus

252 757 382 815 metricis
399 755 506 833 agitur,
529 761 576 815 tot
598 755 816 815 observationes
832 754 957 814 subtiles
981 756 1142 831 explicatae
1166 759 1242 822 sunt,
1265 760 1424 813 6666661-

252 864 401 921 quamque
430 844 594 902 examinare
622 844 652 902 in
675 844 813 902 Palladee
842 863 907 919 epp.
935 844 1057 921 longum
1086 844 1132 904 sit.
1178 843 1238 902 Nos
1264 848 1301 902 66
1328 861 1424 902 66666-

252 953 388 1010 qnamur,
412 952 488 1009 quae
511 933 640 1009 agimuS,
668 933 739 992 satis
762 936 807 991 est
829 932 1020 991 notabiliores
1043 935 1096 1005 166,
1121 932 1228 1008 quibus
1252 931 1424 992 Alexandri-

250 1041 355 1080 norum
379 1022 544 1080 hexametri
566 1021 734 1098 discrepant
757 1040 825 1080 oum
841 1020 965 1080 Homeri
980 1021 1121 1093 versibus,
1145 1041 1179 1080 ex
1196 1021 1334 1080 Pallados
1358 1041 1424 1095 epp.

249 1112 410 1187 requirere,
438 1114 474 1169 ut
495 1111 717 1187 intellegamus,
746 1129 834 1186 quern
857 1110 993 1168 Palladas
1016 1110 1072 1169 sibi
1094 1111 1283 1186 proposuerit
1304 1109 1421 1168 imitan-

251 1200 332 1258 dum.
385 1200 465 1269 Quae
498 1199 667 1259 discrimina
700 1199 810 1274 optime
844 1200 998 1274 explanata
1026 1203 1095 1258 sunt
1126 1199 1157 1256 in
1190 1199 1341 1276 praeclara
1373 1197 1424 1256 1116

250 1289 453 1347 dissertatione
478 1287 619 1346 Guilelmi
641 1289 751 1364 Meyer,
775 1307 850 1363 quae
878 1287 1062 1347 inscribitur:
1093 1287 1153 1345 Zur
1176 1287 1348 1346 Gesobiobtc
1372 1287 1423 1344 des

249 1376 451 1452 griechischen
473 1377 535 1435 und
559 1377 747 1435 lateinischen
771 1371 1003 1453 Hexameters.1)

339 1465 468 1523 Primam
491 1465 572 1523 illam
596 1466 691 1542 legem
715 1465 828 1541 Meyeri
851 1465 987 1524 Pallades
1015 1465 1046 1522 in
1071 1465 1131 1523 281
1158 1464 1335 1524 hexametris
1359 1485 1421 1540 sep-

248 1553 304 1613 ties
326 1554 468 1630 neglexit:
1016 1601 1021 1609 .
1060 1609 1062 1612 .

319 1643 386 1701 VII.
412 1645 484 1714 607,
506 1647 534 1701 5.
558 1636 705 1722 φαγοῦσα
862 1643 913 1700 XI.
939 1644 1012 1716 304,
1033 1643 1061 1700 3.
1085 1637 1243 1718 λογισμόν.

317 1732 386 1789 .lX.
412 1731 484 1802 161,
507 1723 685 1810 1.(’ομηρσς
937 1731 1060 1801 317,1.
1084 1722 1300 1789 ἀντίσπαστον

410 1819 482 1894 174,
505 1823 521 1878 5
546 1814 713 1895 κάπνισμα
832 1820 909 1895 App.
935 1820 962 1880 1.
982 1841 1009 1879 v.
1027 1817 1055 1879 1.
1080 1810 1206 1890 (1611162)

347 1909 383 1966 X.
430 1909 530 1978 49,1.
552 1903 702 1988 μύρμηκα
1123 1907 1125 1912 ’

319 1996 434 2056 Minus
458 1996 546 2055 etiam
572 1997 706 2057 Palladas
726 1997 855 2071 ,alteram
883 1999 978 2074 legem
1002 1997 1201 2073 Meyerianam
1224 2001 1343 2058 secutus
1366 2002 1419 2070 est,

247 2104 281 2142 ex
298 2086 339 2144 40
361 2085 510 2160 prioribus
527 2086 664 2144 Palladae
686 2106 751 2161 epp.
767 2086 820 2144 boe
837 2086 936 2144 inveni
952 2105 1053 2144 versus
1068 2085 1138 2143 huic
1153 2085 1214 2162 legi
1230 2086 1418 2162 obsistentes;

336 2173 403 2233 VH.
428 2175 501 2244 607,
522 2176 550 2234 3.
573 2169 680 2248 ταχύς.
789 2173 840 2232 ΙΧ.
867 2175 987 2244 167,1.
1012 2169 1121 2252 πυρός.

451 2295 502 2334 -,
524 2265 551 2321 5.
575 2262 650 2340 βίον.
721 2315 723 2319 .
866 2263 988 2335 172,1.
1012 2259 1116 2343 τύχης.

427 2352 499 2426 683,
520 2353 548 2410 3.
572 2342 638 2411 ἐών.
864 2353 936 2422 174,
958 2354 986 2411 5.
1009 2351 1105 2412 τιθεῖ.

425 2441 498 2514 686,
519 2441 547 2499 3.
568 2436 701 2498 παθών.
805 2493 807 2498 .
864 2441 936 2512 182,
957 2442 985 2500 3.
1009 2440 1122 2522 φέρειν.
1195 2495 1197 2501 .

351 2528 402 2588 lx
427 2530 499 2601 5,1.
523 2520 606 2608 ἐμῆς.
864 2531 936 2601 377,
957 2531 985 2588 3.
1009 2525 1135 2609 τροφῆς.

332 2617 430 2676 Etiam
454 2639 471 2676 a
493 2619 582 2676 tertia
609 2619 675 2694 lege
700 2619 813 2694 Meyeri
841 2619 929 2678 multi
958 2619 1095 2677 Palladae
1122 2637 1223 2678 versus
1250 2617 1416 2690 abhorrent,

244 2723 279 2762 ex
302 2705 411 2781 quibus
435 2725 631 2765 commemoro
655 2705 723 2766 VII.
749 2707 821 2781 607,
851 2708 879 2767 1.
904 2708 976 2774 683,
1004 2708 1031 2765 7.
1055 2707 1106 2767 IX.
1132 2708 1205 2778 166,
1233 2708 1262 2764 3.
1286 2706 1358 2780 183,
1390 2708 1417 2766 l.

246 2794 319 2870 502,
344 2794 372 2852 1.
398 2795 425 2853 3.
442 2795 500 2854 XI.
522 2795 595 2867 878,
622 2797 648 2854 1.
671 2795 746 2853 alios
769 2797 891 2872 multos;
921 2796 992 2871 quin
1016 2796 1104 2854 etiam
1130 2795 1257 2854 caesuris
1280 2795 1422 2870 semiqui-

243 2881 326 2939 naria
354 2884 388 2940 -66
420 2877 658 2959 semiseptenaria
694 2885 906 2959 praeeuntibus
937 2887 1007 2960 post
1042 2885 1177 2960 quintam
1209 2884 1298 2944 araim
1334 2883 1417 2943 verbi

243 2969 310 3029 finis
339 2976 369 3027 et
393 2990 514 3030 caesura
539 2973 702 3041 invenitur,
731 2972 838 3047 quibus
866 2974 955 3032 rebus
978 2992 1079 3033 versus
1107 2974 1194 3032 nimis
1222 2973 1417 3049 aequabiliter

243 3061 275 3117 et
296 3059 435 3135 languide
459 3065 576 3132 sonant,
600 3060 636 3120 of.
659 3081 706 3121 vv.
730 3061 781 3122 lX.
811 3062 884 3133 119,
910 3063 937 3121 1.
964 3063 1036 3134 168,
1063 3064 1089 3123 1.
1116 3064 1187 3134 169,
1214 3063 1241 3122 1.
1269 3064 1339 3133 174,
1365 3061 1415 3120 11.

242 3147 294 3206 XI.
319 3149 391 3219 280,
417 3149 445 3207 3.
470 3150 548 3224 292,
573 3151 600 3208 3.
627 3151 703 3223 328,
730 3151 745 3209 1
777 3152 888 3210 multos
916 3151 997 3210 alios.
1048 3151 1144 3211 Immo
1172 3169 1242 3210 6616
1275 3153 1417 3225 quattuor

243 3254 378 3296 caesuras
405 3242 474 3314 post
501 3257 578 3297 arses
606 3243 762 3314 sequentes
790 3240 945 3299 continuas
972 3240 1107 3299 Palladas
1136 3237 1279 3312 admittit,
1308 3237 1343 3296 ef.
1368 3257 1415 3297 66.

242 3323 293 3385 IX.
320 3326 394 3398 119,
419 3326 445 3384 1.
469 3327 520 3384 XI.
545 3329 618 3396 280,
643 3330 671 3385 3.
697 3330 769 3398 292,
795 3330 822 3386 3.

330 3414 429 3472 Etiam
454 3433 516 3471 eam
545 3415 655 3491 legem,
684 3434 771 3489 quam
796 3410 932 3491 Kaibe13)
956 3415 1068 3473 invenit
1090 3414 1356 3472 Alexandrinorum
1385 3415 1415 3470 in

241 3501 416 3560 hexametris
440 3502 503 3560 voci
527 3507 670 3576 quattuor
692 3503 882 3579 syllabarum,
907 3523 983 3580 quae
1003 3522 1122 3562 versum
1145 3502 1219 3581 finit,
1241 3507 1295 3561 aut
1318 3521 1414 3562 caesu-

242 3609 304 3647 ram
328 3589 491 3648 bucolicam
515 3595 568 3649 aut
591 3610 741 3650 caesuram
764 3592 943 3651 trochaicam
965 3592 1048 3650 tertii
1070 3592 1167 3668 pedis,
1194 3596 1226 3650 et
1247 3609 1305 3650 non
1330 3591 1413 3651 semi·

240 3677 405 3753 quinariam
429 3679 609 3752 antecedere,
635 3679 772 3740 Palladas
795 3699 853 3739 non
878 3681 1053 3751 observavit,
1078 3681 1129 3740 sed
1152 3681 1206 3740 bos
1229 3681 1327 3739 inveni
1351 3700 1413 3738 ver·

240 3786 291 3827 sus
314 3767 501 3827 obsistentes:
582 3813 584 3818 .

240 3855 293 3915 VI.
318 3857 369 3930 61,
396 3855 513 3916 1.v11.
539 3858 612 3932 607,
638 3859 665 3917 1.
691 3859 719 3917 3.
747 3859 797 3916 IX.
823 3859 897 3936 487,
923 3859 950 3918 1.
978 3861 1013 3918 Χ.
1039 3861 1090 3930 59,
1115 3859 1142 3917 3.
1175 3860 1225 3932 79,
1251 3859 1279 3917 3.
1309 3858 1358 3930 84,
1387 3858 1413 3916 1.

241 3944 292 4018 97,
318 3945 345 4004 1.
369 3945 419 4005 XI.
445 3946 517 4018 378,
544 3946 571 4004 1.
596 3949 624 4004 5.
647 3949 724 4023 App.
752 3949 778 4021 1,
802 3967 830 4008 6.
855 3949 883 4006 3.
906 3969 933 4007 v.
959 3951 986 4006 5.

330 4116 352 4186 ¹)
371 4115 638 4186 Sitnungsberichte
651 4116 701 4170 der
713 4117 792 4188 bayr.
806 4117 895 4173 Aoad.
909 4117 1117 4174 d.Wissenscb.
1139 4117 1215 4171 1884.
1235 4135 1264 4196 p..
1276 4117 1337 4171 979.
1352 4134 1412 4186 sqq.

239 4185 272 4240 in
289 4186 391 4257 primis
409 4192 519 4257 partem
532 4187 569 4242 I.:
593 4187 652 4241 Zur
670 4187 774 4243 Gesch.
794 4187 821 4245 d.
840 4189 914 4242 alex.
933 4189 1132 4244 Hexameters.

329 4257 350 4328 1)
368 4257 403 4311 16
416 4258 450 4312 58
464 4257 562 4312 dubiis
574 4258 750 4314 hexametris
761 4266 817 4314 ter:
837 4259 891 4313 IX.
904 4263 966 4324 378,
980 4261 1005 4313 7.
1019 4252 1117 4313 ἕωθεν.
1137 4258 1191 4314 ΙΧ.
1205 4261 1267 4323 378,
1281 4260 1305 4312 9.
1321 4253 1413 4329 Σάρα-

239 4345 302 4402 πις,
327 4329 408 4384 XVI.
421 4332 479 4384 317.
499 4320 628 4386 ἄναυδον.

328 4401 349 4470 ⁸)
368 4401 527 4458 Comment.
546 4400 648 4472 philol.
669 4401 700 4454 in
718 4402 818 4456 honor.
838 4400 946 4455 Theod.
966 4401 1147 4455 Mommseni.
1166 4419 1194 4471 p.
1208 4400 1269 4456 828.
