3372 5210
779 341 995 397 ,66-

438 516 625 577 372-376.
649 508 759 596 ἄδηλα.

439 607 512 664 377.
536 605 684 666 Pallados.

437 695 479 754 37
482 694 623 754 8-379.
646 696 771 755 fortasse
794 694 941 755 Pallados.

439 784 511 842 380.
534 775 659 864 ἄδηλον.

308 873 340 950 6)
363 873 414 932 ΙΧ.
441 873 624 932 498-500.
649 864 760 953 ἄδηλα.

438 961 511 1020 501.
535 953 652 1042 ἄδηλον
683 962 725 1033 Ρ.,
757 962 895 1022 Pullariae
927 962 986 1031 Pl.,
1018 965 1116 1021 temon
1148 981 1214 1037 epp.
1249 961 1320 1021 500.
1345 966 1375 1020 et
1399 962 1472 1022 501.

490 1051 631 1109 lemmate
647 1056 699 1109 eut
715 1052 845 1111 scholion
861 1051 971 1110 falsum
987 1070 1049 1111 esse
1065 1069 1155 1126 supro
1170 1070 1198 1126 p.
1216 1051 1265 1109 12.
1283 1050 1473 1111 ostendimus.

439 1138 511 1198 502.
536 1143 567 1198 et
590 1141 663 1200 503.
688 1140 835 1199 Palladee.

439 1228 512 1287 504.
536 1233 566 1287 et
590 1230 662 1288 505.
686 1221 797 1310 diripio.
836 1230 912 1287 Tum
936 1228 1024 1288 series
1046 1227 1285 1304 interrumpitur.

440 1318 512 1377 508.
536 1309 653 1398 ἄδηλον
675 1318 729 1386 Pl..
747 1317 885 1376 Pelladse
909 1318 940 1375 P.

439 1405 512 1464 509.
536 1397 652 1486 ἄδηλον
675 1426 710 1465 ex
735 1406 877 1465 Herodoti
898 1406 983 1465 libro.

440 1495 514 1552 510.
537 1500 567 1554 et
592 1496 664 1554 511.
688 1488 799 1577 ἄδηλα,
822 1496 946 1554 fortusse
968 1494 1183 1572 inscriptiones.

207 1623 210 1627 -
441 1582 513 1642 512.
537 1576 662 1664 ἄδηλον.
905 1632 908 1636 ,

312 1672 342 1749 7)
366 1672 417 1731 ΙΧ.
443 1672 516 1732 527.
540 1663 656 1753 ἄδηλον
678 1694 712 1732 ex
735 1673 880 1732 Herodoti
902 1673 994 1732 libris.

440 1762 513 1821 528.
538 1762 683 1821 Pallados.

441 1852 625 1909 529-536.
649 1843 749 1931 &epte

441 1939 514 1999 537.
547 1938 702 2019 Νέστορος
735 1938 888 2010 Νικαέως.
945 1939 1130 2016 Quemquam
1162 1937 1279 1998 Nestori
1315 1941 1371 1998 hoo
1406 1939 1472 1998 looo

412 2089 414 2094 ,
493 2028 575 2086 eliud
603 2047 708 2087 nomen
741 2029 926 2106 gentilicium
957 2029 1085 2086 inditum
1112 2032 1169 2102 est,
1203 2032 1301 2086 temen
1324 2029 1385 2088 veri
1416 2028 1473 2087 dis-

494 2116 589 2176 simile
605 2137 662 2176 non
679 2122 723 2177 est
739 2118 869 2176 eundum
886 2137 947 2176 esse
963 2120 1054 2192 utque
1070 2136 1114 2192 ep.
1126 2108 1256 2176 lueet.
1281 2116 1367 2187 Quod
1383 2117 1472 2175 etiem

492 2207 601 2265 Jacobs
625 2207 723 2277 sensit,
748 2207 800 2283 qui
816 2207 914 2266 omnio
927 2207 995 2278 ‘trie
1017 2225 1083 2281 epp.
1098 2204 1232 2264 Nestoris
1255 2205 1398 2282 inscripta
1420 2206 1473 2263 uni

493 2294 611 2353 Nestori
634 2295 793 2354 Lorodensi
816 2295 932 2354 tribuit.

443 2382 626 2442 538-540.
659 2376 773 2464 ἄδηλα,
816 2403 943 2460 quorum
979 2383 1118 2443 ultimum
1156 2383 1280 2442 fortusse
1316 2402 1352 2441 ex
1390 2381 1475 2459 Diog.

493 2471 590 2530 Laert.
614 2478 758 2548 ereptum.

312 2559 344 2638 8)
367 2560 403 2619 X.
428 2560 568 2618 26-29.
591 2561 721 2621 Lueieui.

442 2649 492 2709 30.
515 2640 631 2730 ἄδηλον
655 2651 695 2721 Ρ.,
719 2651 841 2710 Lueioni
864 2651 907 2709 Pl.

442 2738 492 2797 31.
515 2738 647 2798 Luciuni.

442 2827 492 2886 32.
518 2829 715 2902 proverbium,
739 2829 776 2887 of.
800 2849 829 2904 p.
855 2829 904 2887 14.

443 2916 493 2974 33.
518 2907 641 2996 ἄδηλον,
665 2919 788 2976 fortasse
812 2920 865 2976 eut
887 2916 1011 2975 Lueieni
1034 2919 1087 2974 eut
1102 2916 1247 2986 Pallados,
1272 2915 1308 2974 ef.
1324 2935 1352 2990 p.
1370 2917 1421 2973 22.

442 3004 493 3064 34.
517 3005 663 3063 Pollsdue.

443 3093 582 3151 35—37.
607 3093 737 3153 Lueiuni.

444 3182 494 3241 38.
520 3182 683 3240 Διονυσίου
716 3185 748 3241 Ρ.
774 3186 804 3240 et
834 3183 877 3241 Pl.
910 3182 990 3253 Quos
1013 3201 1114 3241 versus
1138 3186 1253 3257 ereptos
1286 3200 1320 3239 ex
1344 3181 1475 3240 Timonis

495 3272 629 3330 silleium
647 3273 665 3330 l.
681 3266 750 3352 HJ)
766 3272 935 3330 Athenaeus
950 3271 1102 3329 Timonem
1118 3271 1148 3327 in
1164 3271 1342 3346 Dionysium
1359 3269 1475 3328 Hereol.

496 3361 599 3419 fecisse
631 3367 739 3422 narret.
791 3360 912 3418 Lemma
942 3360 1036 3436 igitur
1067 3360 1164 3435 ipsum
1197 3377 1295 3418 errore
1328 3359 1474 3433 seriptum

494 3452 621 3508 testatur
643 3450 696 3508 hos
721 3468 822 3509 versus
845 3467 902 3507 non
926 3469 960 3507 ex
983 3449 1112 3508 Timonis
1134 3449 1229 3522 ipsius
1252 3447 1343 3520 libro,
1366 3447 1417 3506 sed
1440 3465 1476 3505 ex

496 3538 639 3596 Athenaei
661 3539 737 3596 libro
761 3539 808 3598 hio
830 3539 957 3597 insertos
980 3557 1051 3607 esse,
1075 3537 1112 3596 ef.
1136 3537 1186 3595 XI.
1212 3538 1286 3595 296.

427 3628 494 3684 99.
518 3618 640 3706 ἄδηλον.

323 3749 325 3755 ·
444 3715 494 3774 40.
518 3706 633 3794 ἄδολον
656 3734 691 3773 ex
714 3715 908 3792 Theognideis
932 3715 1093 3773 sententiis

443 3805 494 3861 41.
518 3813 547 3861 et
571 3812 621 3863 42.
646 3802 775 3862 Luoioui.

444 3894 494 3950 43.
519 3883 642 3972 ἄδηλον,
668 3901 711 3951 est
734 3893 884 3968 inscriptio
908 3892 943 3951 ef.
967 3891 1072 3949 Keibel
1093 3893 1112 3950 l.
1135 3892 1154 3950 l.
1180 3890 1277 3950 1122.

444 3983 584 4040 44-63.
608 3982 752 4040 Palladae.

315 4065 348 4149 9)
370 4070 421 4129 XI.
447 4073 498 4130 54.
522 4077 552 4129 et
576 4073 626 4130 55.
650 4071 795 4128 Palladee.

445 4161 494 4217 56.
518 4149 643 4239 ἄδηλον,
667 4159 793 4217 fortasse
816 4158 953 4217 Pailodue
977 4158 1015 4218 of.
1040 4179 1067 4234 p.
1092 4160 1143 4218 22.

444 4248 513 4305 Trio
532 4268 597 4324 epp.
617 4239 727 4328 ἄδηλα,
753 4267 828 4323 quae
853 4248 1032 4307 antecedunt
1049 4247 1118 4305 huie
1134 4246 1232 4318 seriei3
1255 4265 1323 4321 epp.
1336 4244 1478 4303 51-53,

306 4361 519 4374 -—--—7——-.-

395 4438 416 4506 ¹)
435 4435 479 4490 ed.
499 4436 710 4491 Waoh‘smuth.⁹
727 4436 793 4506 frgt.
813 4437 855 4492 59.
874 4435 976 4506 p.180.
