3372 5210
752 332 952 389 ..7-

266 515 314 586 sit,
337 511 427 570 huius
444 511 581 570 editionis
598 509 682 586 siglis
698 512 728 567 et
747 509 879 570 numeris
902 509 999 584 quinti
1021 508 1091 566 libri
1114 508 1150 567 ab
1174 509 1240 568 aliis
1264 509 1444 570 editionibus

266 601 390 662 diversis
413 599 460 658 uti
482 599 556 657 mihi
578 592 708 674 liceat.¹)
1039 670 1043 678 ι

356 691 391 749 A.
429 685 579 746 Initium
612 687 788 746 faciamus
820 687 861 745 ab
894 686 946 746 eis
976 686 1259 762 epigrammatis,
1292 705 1381 762 quae
1407 687 1443 745 in

266 782 420 854 utraque
448 777 590 854 sylloga
618 779 653 835 et
680 775 714 833 in
738 777 772 834 P.
799 779 834 834 81
860 776 896 832 18
919 775 968 833 Pl.
993 775 1164 834 Palladae
1192 770 1443 852 tribuunturff)

190 859 191 864 ¹
267 867 302 925 In
335 866 496 942 appendice
523 864 714 942 autographi,
748 883 824 939 quaa
857 884 875 922 a
901 864 1132 923 Stadtmuellero
1160 861 1218 937 (ed.
1239 882 1267 939 p.
1288 863 1359 941 XII)
1388 866 1444 942 sig·

266 955 303 1015 lis
325 949 486 1012 Ia-Ipa
506 953 701 1031 significatur,
734 953 878 1028 pleraque
906 956 1064 1012 auctorum
1090 954 1231 1011 lemmata
1256 953 1300 1011 Pl.
1323 953 1443 1028 omittit,
1559 985 1563 991 ·

266 1045 297 1102 in
319 1044 424 1120 primis
447 1044 588 1101 lemmata
610 1033 794 1112 881186τοῦ,
819 1061 888 1101 cum
903 1041 1034 1100 eiusdem
1053 1045 1158 1117 poetae
1181 1062 1248 1117 epp.
1273 1045 1444 1117 sequantur,

267 1152 327 1191 non
351 1150 411 1208 quo
434 1131 545 1191 indieet
568 1131 639 1191 haec
663 1131 793 1190 earmina
816 1149 878 1190 esse
902 1121 1017 1210 ἄδηλα,
1050 1131 1101 1190 sed
1128 1134 1164 1189 ut
1190 1131 1263 1189 haec
1291 1149 1357 1206 epp.
1383 1150 1444 1190 esse

268 1222 400 1282 eiusdem
423 1223 530 1297 poetae
553 1223 645 1296 notat,
669 1239 850 1295 quamquam
873 1218 1024 1278 interdum
1048 1218 1136 1278 etiam
1160 1239 1226 1295 epp.
1249 1219 1339 1280 unius
1355 1239 1445 1298 argu-

268 1311 360 1372 menti
383 1312 414 1368 et
438 1309 620 1368 diversorum
645 1313 801 1385 poetarum
824 1309 885 1367 sine
907 1308 970 1366 ullo
996 1309 1133 1367 lemmate
1157 1309 1293 1367 conserit
1339 1309 1446 1367 Omnia

267 1419 346 1475 epp,
381 1417 455 1474 quae
477 1397 509 1456 in
531 1399 565 1458 P.
588 1399 729 1457 Palladae
758 1397 872 1456 tributa
893 1397 924 1454 in
948 1397 1108 1473 appendice
1131 1397 1176 1457 Pl.
1200 1397 1283 1456 nullo
1306 1398 1446 1456 lemmate

268 1480 368 1546 addito
392 1486 450 1545 alia
473 1487 613 1547 Palladae
637 1507 703 1563 epp.
731 1489 912 1563 sequuntur,
945 1505 1084 1544 enumero
1115 1487 1193 1544 inter
1225 1504 1273 1556 88,
1307 1505 1382 1562 quae
1414 1487 1446 1544 18

267 1580 394 1652 utraque
418 1577 533 1653 sylloge
549 1576 690 1634 Palladae
710 1594 818 1634 noman
841 1594 911 1650 prae
935 1594 965 1634 se
989 1574 1099 1633 ferunt
1137 1574 1213 1634 Sunt
1236 1577 1338 1634 autem
1360 1574 1445 1634 haec:

357 1665 393 1723 V.
417 1659 490 1727 256.
537 1663 590 1724 VI.
613 1661 665 1726 60.
689 1660 746 1738 61,
779 1663 866 1721 etiam
896 1663 927 1720 in
954 1664 999 1722 Pl.
1027 1663 1131 1722 eodem
1159 1663 1269 1722 ordine.
1318 1662 1369 1722 VI.
1393 1658 1446 1725 85.
1508 1723 1510 1726 .

267 1754 336 1813 VII.
350 1749 434 1816 607.
458 1750 533 1815 610.
572 1752 639 1810 VII.
663 1747 850 1814 (181-688.
896 1752 1085 1827 Repetuntur
1108 1771 1174 1827 epp.
1200 1752 1375 1810 683-688
1401 1772 1446 1827 88.

271 1843 333 1901 685
355 1845 480 1917 ,excepto
496 1861 522 1901 ,8
545 1840 640 1900 scriba
663 1838 690 1897 B
713 1844 782 1916 post
804 1841 855 1898 XI.
881 1842 944 1898 282
968 1841 1093 1916 paulum
1117 1840 1195 1899 varie
1219 1841 1275 1915 118,
1297 1844 1333 1899 81
1356 1841 1446 1900 etiam

268 1928 315 1989 Pl.
338 1930 475 1992 servavit.
1387 1927 1391 1935 ’

357 2018 408 2084 IX.
433 2015 618 2081 165-176.
664 2019 894 2096 Epigrammatis
919 2019 981 2077 175
1015 2018 1070 2077 hae
1097 2018 1128 2076 in
1152 2018 1225 2077 serie
1250 2019 1310 2077 duo
1333 2017 1447 2093 priores

269 2126 370 2168 versus
398 2109 454 2167 8811
481 2108 685 2180 inveniuntur,
717 2111 814 2166 totum
844 2127 889 2183 ep.
913 2111 1008 2167 exstat
1035 2110 1103 2182 post
1126 2107 1177 2166 IX.
1195 2107 1257 2164 481
1284 2126 1352 2166 cum
1374 2107 1444 2164 lem·

269 2200 347 2256 mate
371 2191 525 2256 Παλλαδᾶ
549 2190 740 2274 Αἰγυπτίου.
777 2199 805 2254 Α
824 2198 869 2254 ΡΙ.
890 2195 929 2254 1⁸
953 2217 983 2272 p.
1001 2198 1038 2253 5¹
1063 2213 1182 2271 quoque
1205 2214 1309 2255 versus
1332 2195 1446 2271 primus

270 2290 300 2345 81
332 2285 478 2344 secundus
509 2286 541 2343 in
573 2289 688 2343 textum
719 2283 831 2361 recepti
865 2287 948 2356 sunt,
979 2283 1089 2360 reliqui
1120 2302 1208 2342 vorsu
1237 2285 1383 2344 4omisso
1416 2285 1447 2341 in

270 2373 401 2449 margine
430 2373 581 2448 superiore
609 2373 768 2433 adduntur.
814 2373 889 2434 Oum
912 2392 1014 2433 versus
1039 2374 1125 2431 3-6
1154 2374 1208 2433 soli
1237 2373 1373 2450 intellegi
1394 2391 1444 2431 88·

270 2465 387 2538 queant,
411 2465 508 2521 totum
533 2482 579 2539 ep.
602 2464 739 2521 omnes6
764 2481 865 2522 versus
889 2463 1039 2521 continere
1058 2466 1192 2537 apertum
1213 2465 1265 2522 est.
1304 2463 1348 2520 Pl.
1371 2462 1446 2520 hane

267 2551 371 2611 seriem
400 2551 431 2608 in
459 2551 548 2611 variis
572 2551 719 2627 capitibus
742 2552 901 2628 disposuit,
934 2551 995 2611 167
1021 2552 1105 2610 nullo
1128 2551 1282 2622 lemmate,
1311 2550 1362 2610 sed
1389 2550 1446 2609 hoc

268 2639 371 2699 ordine
396 2641 473 2699 165:
499 2640 575 2699 166:
602 2641 675 2700 167.
720 2641 774 2715 Ep.
799 2641 863 2699 174
896 2640 984 2699 modo
1013 2658 1115 2699 versus
1140 2640 1225 2698 1-6
1249 2639 1363 2714 prodit,
1395 2639 1446 2698 sed

148 2741 153 2750 '
269 2729 377 2804 reliqui
399 2748 503 2789 versus
526 2729 631 2804 procul
654 2728 743 2787 dubio
767 2728 946 2804 adiungendi
970 2731 1048 2787 sunt.

360 2818 411 2877 IX.
436 2811 749 2890 180-1888811881
774 2816 875 2875 ordine
899 2817 943 2874 Pl.
989 2813 1025 2873 In
1049 2816 1081 2875 P.
1107 2815 1169 2875 180
1194 2820 1225 2875 81
1249 2815 1310 2875 181
1337 2816 1446 2875 iterum

269 2907 412 2981 leguntur
428 2909 496 2980 8881
511 2905 575 2964 XV.
590 2906 629 2963 17
647 2925 674 2963 n.
691 2904 711 2963 l.
728 2902 778 2979 (ef.
794 2904 886 2964 tabul.
901 2905 1038 2982 photogr.
1056 2904 1141 2982 668),
1158 2905 1208 2964 sed
1225 2906 1447 2982 coniunguntur

271 3011 339 3052 eum
362 3013 428 3070 epp.
451 3012 528 3070 quae
552 2994 624 3052 alibi
647 2994 785 3053 Palladae
808 2995 991 3054 tribuuntur.
1029 2995 1140 3053 Eodem
1163 2995 1228 3053 loeo
1251 3013 1318 3070 epp.
1337 2995 1399 3053 180
1417 2998 1447 3053 81

271 3081 332 3140 181
358 3083 523 3142 cohaerent.
571 3083 635 3152 Qua
664 3075 868 3143 coniunctione
897 3102 965 3142 cum
993 3102 1038 3158 ep.
1061 3082 1149 3142 nimis
1172 3083 1306 3158 ineptum
1330 3088 1360 3142 et
1382 3084 1445 3141 lan·

267 3171 395 3248 gnidum
417 3171 570 3242 reddatur,
586 3175 755 3248 utrumque
780 3191 825 3248 ep.
849 3172 1059 3232 secernendum
1083 3175 1137 3232 est.

358 3261 410 3319 IX.
434 3255 629 3322 393-395.
653 3255 728 3322 397.
774 3260 889 3322 Iterum
921 3261 1058 3319 traditur
1082 3261 1161 3319 inter
1191 3279 1257 3335 epp.
1292 3261 1328 3319 de
1360 3261 1446 3319 Laee-

269 3349 424 3412 daemonia
446 3350 497 3408 illa
521 3349 631 3425 scripta
653 3351 684 3408 in
706 3351 840 3426 margine
861 3370 906 3425 ep.
922 3349 990 3409 VII.
1008 3350 1081 3421 230,
1104 3348 1286 3423 adscriptum
1311 3367 1329 3406 8
1352 3349 1447 3407 scriba
1524 3396 1526 3401 .

271 3437 342 3494 Gen
364 3438 516 3497 Michaelis
540 3437 783 3513 chartophylacis
807 3438 978 3514 apographo
1002 3456 1070 3496 eum
1093 3436 1233 3495 lemmate
1251 3430 1445 3514 Helladd.³)

358 3525 409 3588 IX.
432 3522 507 3586 441.
530 3522 605 3586 484.
628 3521 705 3587 486.
810 3567 811 3570 ¹

358 3612 410 3671 IX.
425 3609 490 3675 487
507 3634 536 3672 8.
552 3614 572 3672 Ι.
596 3614 646 3674 sed
670 3613 816 3690 repetitur
839 3617 907 3689 post
922 3614 974 3672 ΧΙ.
991 3614 1055 3674 316
1079 3614 1110 3672 in
1123 3613 1207 3674 serie
1222 3615 1364 3673 Palladae
1380 3635 1446 3691 epp.

357 3702 409 3760 IX.
429 3698 504 3764 489.
527 3697 600 3774 773,
623 3703 669 3761 Pl.
690 3697 757 3760 IVb
778 3703 862 3761 100¹
880 3703 943 3762 8.1.

358 3926 378 3995 ¹)
402 3925 498 3980 Aliter
525 3925 655 3980 sentiunt
674 3927 823 3982 Oouvreur
850 3943 907 3981 rev.
931 3927 994 3982 erit.
1020 3928 1097 3982 1895.
1129 3928 1189 3998 Ip.
1204 3929 1239 3983 49
1269 3933 1298 3982 81
1316 3927 1447 3982 Reinach

268 4012 325 4049 rev.
344 3995 395 4051 des
414 3997 514 4052 etudes
534 3996 582 4052 Gr.
604 3998 682 4073 1885,
702 3999 804 4069 8148.

357 4067 379 4134 ⁹)
399 4067 465 4132 Qua
483 4068 520 4122 de
538 4086 569 4122 re
587 4056 675 4138 solhs,
695 4069 745 4124 sed
765 4068 860 4124 obiter
878 4069 1023 4139 Weigand
1041 4071 1109 4139 egit,
1128 4069 1183 4123 Rh.
1202 4070 1242 4126 M.
1263 4071 1332 4124 1845
1352 4089 1379 4141 p.
1393 4070 1443 4124 561

269 4143 298 4190 et
316 4155 344 4206 p.
357 4138 465 4290 8851188
477 4214 555 4292 reete
567 4209 707 4292 huebner
719 4215 803 4292 88181
821 4210 953 4265 additum
973 4228 1033 4266 esse
1051 4212 1108 4265 hoo
1127 4228 1170 4282 ep.
1191 4211 1227 4265 ad
1247 4199 1444 4284 ep.V11.223.

268 4279 373 4333 Exstat
385 4285 461 4334 1nter
474 4280 533 4334 aha
548 4279 677 4334 e1usdcm
696 4283 858 4351 argumenti
878 4299 942 4353 epp.
962 4284 1056 4353 8240
1075 4282 1183 4338 codicis
1202 4283 1288 4338 lineis
1307 4282 1444 4341 obversis.

269 4349 468 4476 bif'thfflleil'
494 4351 643 4406 Kritische
671 4352 934 4424 Untersuehungen
970 4371 1021 4408 zur
1049 4353 1224 4409 Gesehichte
1255 4355 1306 4409 der
1337 4356 1444 4426 griech.
1517 4385 1521 4390 -

269 4438 315 4473 .n
351 4441 403 4492 .p.
472 4466 479 4480 .
