3372 5210
754 391 797 398 -.
844 359 974 415 90-

278 537 400 598 sccundi
429 523 513 613 pedis
540 555 607 596 cum
635 536 724 595 tertio
753 536 825 611 pede
854 536 1003 595 coniuncti
1032 536 1082 593 v1.
1108 536 1201 608 85,1.
1226 533 1281 594 καὶ
1302 529 1361 607 τὰς
1385 533 1450 614 nup,

277 620 338 685 τάν
361 631 440 686 certa
460 625 496 683 de
519 644 615 684 causa.

368 713 467 773 Unum
492 733 610 773 versum
634 713 751 789 scripsit
774 714 918 784 Palladas,
943 713 994 788 qui
1018 733 1138 772 caesura
1160 715 1240 772 tertii
1264 715 1349 790 pedis
1371 719 1453 775 caret

278 824 323 880 ep.
346 803 398 862 lX.
424 803 550 882 503‚,1..
575 802 654 878 quod
683 803 713 860 in
741 801 962 860 Nonniauorum
990 802 1166 862 hexametris
1193 803 1452 864 inusitatissimum

276 888 363 969 cst.¹)
404 891 439 949 Id
462 891 687 968 quodeonnus
710 885 813 968 longas
837 909 922 950 voces
946 891 1098 968 anteponit
1121 895 1151 950 et
1173 892 1392 968 monosyllabas
1415 914 1451 952 ne

276 986 439 1053 coacervet,
462 981 561 1054 evitat,
586 981 738 1038 Palladem
758 999 816 1038 non
835 980 989 1039 observare
1012 980 1153 1051 videmus,
1177 1000 1244 1040 cum
1267 985 1329 1040 tres
1351 1001 1450 1040 mono·

277 1069 406 1147 syllabas
434 1074 588 1146 sequentes
615 1088 673 1128 non
705 1087 772 1128 raro
805 1069 999 1139 inveniamus,
1032 1069 1123 1128 immo
1146 1088 1215 1129 vero
1239 1073 1384 1146 quattuor
1412 1071 1449 1129 cf.

276 1160 311 1218 X.
337 1161 387 1230 44,
400 1161 427 1216 2.
454 1161 543 1229 75,5.
568 1159 677 1217 multos
699 1158 782 1226 alios,
807 1161 897 1233 atque
920 1158 1007 1216 etiam
1027 1176 1082 1216 vsex
1104 1159 1195 1216 semel
1218 1158 1270 1216 VI.
1295 1159 1345 1230 85,
1359 1160 1385 1218 1.

366 1247 496 1306 Vocibus
528 1246 739 1323 monosyllabis
770 1247 932 1304 hexametri
969 1247 1047 1304 finiri
1080 1252 1217 1322 possunt,
1255 1248 1332 1307 solas
1363 1268 1449 1308 voces

276 1336 427 1395 encliticas
443 1337 490 1395 vel
505 1355 591 1395 voces
614 1336 732 1395 levioris
748 1339 885 1394 accentus
900 1333 1022 1394 Nonnus
1045 1336 1075 1392 in
1091 1336 1147 1394 fine
1170 1336 1332 1395 hexametri
1348 1337 1448 1396 evitat.

275 1423 341 1484 Non
363 1425 435 1483 item
458 1425 605 1483 Pallados:

387 1513 424 1572 cf.
448 1513 517 1572 VII.
544 1514 616 1587 685,
629 1515 656 1572 1.
679 1504 824 1593 εὐτυχίης
846 1530 889 1572 τε.
952 1514 987 1571 X.
1012 1513 1101 1583 34,1.
1125 1509 1249 1589 μελέτω
1270 1530 1327 1572 σοι.

467 1602 518 1660 XI.
543 1603 655 1679 naal.
680 1601 766 1682 φέρω
789 1619 831 1660 ce.
934 1601 986 1660 XI.
1011 1603 1124 1673 3041.
1146 1598 1201 1661 καὶ
1223 1595 1315 1665 εἴτι.

364 1690 472 1750 Melius
504 1691 623 1749 oboedit
650 1691 787 1750 Pallados
810 1689 907 1749 Nonui
934 1697 1103 1766 praecepto:
1136 1711 1172 1749 ne
1203 1691 1328 1750 verbum
1360 1692 1445 1749 finale

273 1781 354 1838 ultra
377 1779 465 1839 arsim
489 1780 586 1855 quinti
610 1780 693 1855 pedis
715 1779 825 1852 redeat,
848 1799 916 1838 cum
935 1779 1057 1838 vocibus
1080 1781 1243 1838 multarum
1266 1780 1446 1856 syllabarum

276 1868 461 1926 hexametros
484 1888 520 1926 ne
536 1869 629 1942 finiat,
653 1869 752 1940 evitet,
777 1866 813 1928 cf.
829 1869 930 1943 Meyer
945 1868 965 1926 l.
981 1868 1001 1926 l.
1017 1888 1045 1943 p.
1064 1869 1158 1942 1010,
1181 1867 1355 1944 praesertim
1379 1888 1446 1928 cum

275 1957 412 2033 quintum
445 1960 619 2032 sextumque
654 1957 743 2032 pedes
775 1957 936 2016 hexametri
967 1976 1087 2032 perraro
1123 1977 1184 2016 una
1215 1976 1286 2017 voce
1323 1959 1445 2033 expleat.

273 2045 365 2105 Cuius
381 2045 503 2105 rationis
526 2045 598 2104 haec
613 2050 729 2105 tantum
745 2047 878 2121 exempla
893 2045 1003 2103 inveni:
1037 2046 1164 2115 Quintus
1184 2049 1215 2104 et
1238 2051 1337 2106 sextus
1357 2046 1445 2122 pedes

274 2135 437 2193 hexametri
460 2134 626 2192 formantur
648 2154 708 2193 uua
730 2154 800 2194 voce
828 2133 862 2212 α)
886 2137 1030 2210 quattuor
1053 2135 1232 2210 syllabarum
1255 2135 1285 2192 in
1309 2135 1445 2194 omnibus

274 2223 408 2283 versibus
439 2224 605 2298 spondiacis
632 2224 784 2283 Palladae:
815 2225 851 2282 X.
877 2224 962 2293 54,3
991 2229 1113 2298 propter
1143 2242 1249 2281 nomen
1281 2223 1444 2299 proprium,

272 2313 309 2370 X
334 2312 424 2382 71,1.
448 2306 509 2371 IX.
525 2312 598 2382 378,
615 2313 644 2372 1.
673 2312 705 2390 β)
729 2313 860 2389 quinque
883 2311 1078 2388 syllabarum:
1102 2312 1170 2369 VII.
1195 2313 1297 2383 683,5
1322 2315 1445 2388 propter

273 2419 379 2459 nomen
407 2401 574 2476 proprium,
602 2400 669 2458 VII.
694 2403 767 2471 688,
783 2403 811 2459 3.
843 2400 894 2460 IX.
913 2401 1029 2473 165,1.
1062 2403 1097 2459 Χ.
1122 2402 1218 2472 61,1.
1249 2401 1301 2460 XI.
1326 2401 1444 2476 371,1.

274 2483 316 2549 X.
331 2490 404 2559 121,
420 2489 449 2548 3.
483 2488 568 2558 Quod
592 2509 626 2548 ea
643 2508 808 2566 quoquere
833 2489 968 2559 efficitur,
993 2491 1071 2564 quod
1087 2489 1224 2550 Palladas
1248 2490 1366 2548 omnino
1382 2509 1443 2548 vcr-

273 2578 327 2650 bis,
351 2598 426 2654 quae
449 2577 584 2654 longiora
607 2583 677 2637 sunt
700 2579 830 2654 quinque
854 2577 983 2654 syllabis,
1007 2596 1074 2637 raro
1097 2580 1207 2653 utitur,
1231 2580 1325 2637 multo
1348 2579 1443 2637 rarius

272 2667 411 2726 Homero.
457 2667 518 2726 Has
541 2686 628 2726 voces
651 2687 700 2727 sex
724 2667 905 2745 syllabarum
933 2667 964 2725 in
987 2663 1127 2725 Palladae
1151 2656 1327 2726 hexametris
1349 2667 1442 2726 inves-

271 2756 393 2832 stigavi:
426 2755 477 2814 VI.
503 2756 554 2828 61,
574 2759 603 2815 5.
626 2750 927 2836 λιπαροκρήδεμνος,
955 2756 1006 2814 ΙΧ,
1032 2757 1150 2830 183,1.
1174 2751 1442 2835 μεταβαλλομένρ,

270 2845 320 2902 IX.
347 2845 463 2919 397,1.
491 2836 730 2915 ὑπαντιάοαοα,
764 2847 798 2904 X.
826 2846 876 2919 79,
892 2846 920 2904 3.
950 2837 1235 2923 ἀλλοτριωθέντες,
1268 2844 1319 2902 XI.
1346 2847 1442 2916 55,1.

272 2924 531 3003 ἄντοσκεόἄσειεν,
567 2935 640 3008 386,
657 2936 684 2992 8.
713 2927 950 3013 ἀποδυρομένη,
984 2953 1111 3009 quarum
1138 2934 1295 3010 pleraeque
1319 2954 1353 2992 cx
1381 2933 1440 2990 Ho-

271 3040 352 3079 mero
385 3026 520 3096 sumptae
553 3026 629 3081 sunt.
678 3024 772 3082 Voces
804 3024 884 3080 ultra
916 3039 968 3081 sex
1000 3022 1127 3098 syllabas
1159 3023 1380 3099 progredientes
1412 3022 1442 3079 in

271 3109 408 3168 Palladae
431 3110 606 3168 hexametris
630 3130 688 3169 non
711 3112 907 3187 reperiuntur,
931 3112 961 3168 in
984 3112 1177 3186 pentametris
1193 3115 1262 3190 sunt
1284 3110 1442 3170 nonnullas

270 3203 383 3274 septem
408 3198 603 3276 syllabarum,
627 3219 700 3275 quas
724 3200 861 3259 Palladas
883 3200 944 3274 ipse
969 3201 1056 3258 certis
1080 3200 1116 3258 de
1140 3200 1235 3260 causis
1258 3199 1400 3277 fingebat:

359 3285 429 3346 VII.
455 3289 506 3362 85,
518 3289 545 3347 2.
574 3283 857 3367 Γορόιοπριλάριος
883 3307 988 3346 nomen
1012 3289 1167 3363 proprium
1199 3289 1308 3348 comice
1331 3289 1441 3362 fictum,

269 3376 320 3436 XI.
346 3377 418 3451 383,
431 3379 458 3438 2.
482 3369 782 3458 Ἑρμοπιθηκιᾶὄας
804 3379 884 3452 item,
915 3377 966 3436 XI.
984 3378 1057 3447 284,
1074 3379 1101 3435 2.
1125 3370 1385 3452 ἄντιοχευόμενος
1403 3376 1441 3434 ad

269 3484 376 3524 nomen
404 3466 577 3525 Antiochiae
611 3467 757 3543 alludens,
796 3467 847 3524 IX.
874 3467 946 3541 169,
972 3469 1001 3524 2.
1028 3465 1375 3546 γραμματικευσαμένῳ
1403 3465 1441 3524 cf.

270 3575 298 3628 p.
323 3554 373 3612 82.
397 3555 492 3614 Voces
516 3573 565 3613 sex
588 3555 769 3631 syllabarum
784 3556 815 3613 in
838 3555 1031 3630 pentametris
1055 3556 1215 3614 crebriores
1236 3549 1345 3634 suntl)

358 3642 455 3700 Etiam
480 3643 516 3700 ab
541 3663 575 3700 ea
598 3644 676 3720 legs,
705 3664 794 3719 quam
815 3643 849 3706 G.
869 3643 1018 3702 Hermann
1040 3643 1155 3719 primus
1178 3644 1292 3703 invenit
1314 3640 1441 3703 Graecos

267 3731 299 3788 in
328 3735 434 3806 quarta
461 3731 535 3806 pede
558 3733 720 3790 hexametri
744 3751 896 3791 caesuram
919 3733 1096 3792 trochaicam
1125 3726 1262 3809 viterell,
1292 3751 1440 3808 quamque

219 3931 222 3936 .
357 3884 378 3954 ¹)
396 3885 450 3954 Ep.
463 3885 501 3940 X.
515 3885 557 3939 56,
577 3902 603 3938 v.
617 3886 640 3938 5.
662 3901 777 3955 quoque
791 3901 908 3940 caesura
923 3891 1001 3939 caret
1013 3884 1093 3938 tertii
1106 3884 1196 3954 pedis,
1216 3902 1282 3939 cum
1294 3902 1352 3939 non
1367 3885 1440 3939 inci-

264 3955 352 4010 datur
370 3955 445 4010 inter
463 3955 617 4010 articulum
637 3963 666 4010 et
683 3973 796 4012 nomen.

356 4026 379 4096 l)
398 4028 460 4081 Has
488 4027 588 4081 inveni
615 4044 700 4082 voces
723 4044 774 4081 sex
796 4027 985 4098 syllabarum,
1015 4044 1088 4096 quae
1111 4043 1223 4097 semper
1244 4032 1440 4098 pentametros

266 4098 385 4152 finiunt:
409 4098 477 4153 VH.
496 4099 556 4167 607,
571 4100 595 4151 6.
614 4093 840 4170 ἀπεκερμάτισεν.
868 4097 922 4154 IX.
939 4099 997 4166 119,
1010 4101 1036 4152 4.
1063 4097 1309 4165 κολακευομένους.
1341 4099 1399 4163 170,
1412 4100 1438 4150 4.

267 4161 502 4237 ὖποτασοομένην.
519 4170 578 4239 174,
592 4170 616 4221 6.
631 4167 884 4242 παραριπτόμενον,
897 4169 974 4223 idem
986 4170 1040 4225 IX.
1052 4172 1114 4237 441,
1127 4171 1152 4224 2.
1174 4170 1232 4239 183,
1245 4172 1271 4226 4.
1290 4162 1440 4238 ἀναφαινο-

177 4237 178 4241 ’
263 4237 343 4307 μένη.
371 4239 408 4294 X.
422 4242 465 4308 45,
479 4242 503 4296 2.
527 4239 783 4312 μεγαλοφροσύνης.
811 4241 854 4309 84,
867 4243 893 4293 4.
922 4236 1110 4308 διαλυόμενον.
1134 4241 1178 4307 93,
1192 4241 1216 4294 2.
1242 4235 1438 4310 ὑπερηφανίης.

267 4311 318 4363 ΧΙ.
334 4312 393 4376 371,
407 4312 432 4364 2.
451 4308 665 4394 κολοκυνοιάοα.
684 4311 805 4366 Accedit
819 4311 925 4382 gradus
939 4312 1159 4382 comparativus.
1179 4311 1217 4364 X.
1230 4312 1274 4380 48,
1287 4313 1312 4365 2.
1332 4309 1439 4381 ῥητορι-

263 4377 436 4522 κώτερρςὸῐ
453 4383 648 4508 ἱρρονίοὲιθνῖιιε
667 4383 720 4436 IX.
734 4384 794 4452 502,
807 4385 833 4438 4.
853 4378 1087 4450 reponerem.

421 4470 453 4523 rr
475 4470 511 4507 10·
530 4472 558 4525 r·
626 4471 706 4524 erq-
