3372 5210
765 334 985 391 „63.„

293 535 361 574 non
384 533 466 573 casu
489 515 556 573 hoc
579 513 680 572 modo
703 513 738 570 in
755 511 967 587 anthologia
982 512 1148 570 Palatina
1171 517 1358 588 congestas
1377 531 1465 582 esse,

294 605 354 664 sed
378 623 453 664 esse
477 604 680 679 fragmenta
703 599 919 660 vetustioris
947 601 1122 678 syllogae,
1149 601 1184 658 in
1209 621 1276 676 qua
1299 601 1465 660 Palladae

294 714 369 769 epp.
393 711 470 751 cum
494 713 568 768 epp.
592 691 746 750 aliorum
770 698 955 766 poetarum
980 689 1169 748 coniuncta
1193 690 1339 749 fuerint.
1496 752 1499 759 ,

382 781 518 857 Apparet
539 781 680 838 nimirum
704 779 775 838 haec
798 779 963 854 fragmenta
986 797 1052 854 epp.
1076 770 1202 857 ἀδήλων
1220 797 1278 837 non
1301 783 1361 836 tam
1386 782 1466 838 certo

294 870 505 929 conterminari
527 871 621 945 posse,
643 871 680 926 ut
702 868 792 926 series
815 867 938 926 aliarum
956 867 1201 943 anthologiarum,
1223 867 1253 926 in
1270 869 1378 944 quibus
1394 868 1466 926 ordo

294 959 498 1036 alphabeticus
521 963 574 1016 aut
597 960 677 1016 certa
700 962 856 1016 auctorum
884 956 1003 1013 nomina
1025 956 1125 1015 firmas
1148 976 1231 1016 ansas
1254 957 1409 1032 praebent,
1433 957 1466 1014 li·

295 1053 367 1124 quet
391 1066 509 1123 quoque
532 1066 598 1122 epp.
627 1037 741 1126 ἄδηλα,
770 1064 845 1120 quae
873 1044 945 1103 haec
967 1045 1132 1120 fragmenta
1160 1050 1213 1104 aut
1240 1046 1387 1122 incipiunt
1414 1047 1468 1105 aut

294 1137 413 1206 finiunt,
441 1136 478 1193 ad
503 1135 670 1212 fragmenta
692 1135 892 1210 proximarum
917 1151 1092 1192 coronarum
1115 1134 1221 1192 referri
1247 1152 1341 1210 posse,
1369 1139 1466 1193 tamen

294 1225 424 1302 plurima
446 1244 512 1300 epp.
535 1223 624 1283 unius
648 1223 781 1300 syllogae
805 1241 866 1281 esse
889 1222 1035 1280 neminem
1058 1241 1166 1299 negare
1189 1227 1272 1298 puto.

383 1314 540 1372 Praeterea
563 1313 709 1388 syllogam
732 1332 798 1388 epp.
822 1311 963 1369 Palladae
986 1311 1131 1370 exstitisse
1154 1316 1245 1388 atque
1269 1311 1468 1388 perlongum

294 1406 412 1478 tempus
428 1405 574 1460 servatam
589 1421 651 1460 esse
665 1405 794 1458 testetur
808 1419 927 1477 quoque
942 1400 1031 1459 series
1044 1400 1112 1458 libri
1127 1400 1188 1457 XV.
1201 1420 1266 1476 epp.
1283 1401 1467 1472 17⁸—202.‚

295 1511 384 1568 quam
412 1491 707 1550 commemoravimus
735 1510 763 1565 p.
789 1491 840 1547 67.
868 1488 956 1547 Liber
982 1489 1059 1563 XV,
1079 1508 1175 1564 ouem
1203 1490 1396 1565 appendicem
1424 1509 1467 1546 re·

295 1581 456 1640 centiorem
484 1598 546 1638 esse
575 1579 761 1654 anthologiae
785 1577 936 1636 Palatinae
963 1597 1058 1654 neque
1081 1597 1099 1635 a
1121 1577 1249 1654 (lephala
1271 1579 1469 1654 compositum

296 1688 358 1728 esse
381 1663 535 1745 constatll,
560 1668 692 1727 continet
714 1668 855 1743 pleraque
876 1687 942 1743 epp.
965 1673 1129 1742 poetarum,
1154 1668 1206 1743 qui
1221 1672 1290 1742 post
1307 1667 1468 1744 Agatbiam

295 1760 471 1830 floruerunt,
494 1778 561 1816 nam
584 1762 702 1833 praeter
725 1757 854 1814 carmina
870 1756 1085 1815 Anacreontion
1106 1759 1136 1814 et
1155 1756 1285 1832 figurata
1306 1776 1399 1814 unum
1423 1775 1468 1830 ep.

295 1847 372 1905 inest
394 1867 412 1904 a
435 1852 522 1921 poeta
549 1847 705 1921 scriptum,
734 1845 786 1920 qui
813 1848 859 1903 est
885 1845 962 1902 inter
990 1863 1111 1904 coronas
1138 1844 1222 1904 nobis
1245 1849 1344 1904 notasz-
1370 1865 1415 1920 ep.
1440 1845 1468 1902 9.

296 1934 367 2010 Gyri
389 1937 494 2010 poetae
511 1932 592 2010 (lych'
608 1933 763 2010 Agathiae,
787 1933 812 1992 si
827 1934 914 1991 modo
930 1933 1039 1991 lemma
1053 1933 1143 1993 huius
1163 1953 1208 2009 ep.
1223 1937 1302 1993 recte
1325 1935 1468 1992 traditum

296 2028 350 2082 aut
371 2023 497 2082 relatum
521 2028 573 2082 est.

384 2112 475 2182 Eum,
505 2113 556 2187 qui
584 2111 662 2170 hunc
689 2111 799 2169 librum
828 2111 891 2169 XV.
920 2111 1101 2189 composuit,
1132 2130 1191 2170 non
1219 2117 1288 2169 ante
1312 2110 1471 2186 Cephalum

298 2202 432 2260 floruisse
456 2201 523 2258 inde
548 2201 662 2259 elucere
682 2200 808 2269 videtur,
832 2200 912 2275 quod
937 2219 1002 2275 epp.
1026 2203 1181 2274 poetarum
1197 2199 1341 2276 Cephalae
1365 2219 1469 2276 aequa-

297 2291 370 2348 lium
403 2290 526 2365 recepit‚
555 2289 592 2347 cf.
620 2309 664 2365 ep.
691 2289 741 2347 15.
770 2288 954 2348 Constantini
981 2288 1097 2347 Rhodii.
1149 2288 1244 2358 Quem
1275 2288 1470 2360 collectorem,

232 2373 235 2378 ’
297 2397 365 2437 cum
404 2398 468 2453 epp.
508 2378 646 2436 Palladae
684 2377 850 2447 exhiberet,
890 2378 1035 2454 syllogam
1074 2397 1139 2454 epp.
1177 2377 1316 2436 Palladae
1352 2388 1470 2454 praesto

296 2466 433 2524 habuisse
456 2471 589 2541 apparet.

386 2555 429 2612 llo
453 2573 586 2631 quoque,
612 2555 693 2630 quod
717 2575 761 2630 ep.
785 2554 920 2630 Append.
947 2555 974 2614 1.
997 2555 1028 2612 in
1052 2554 1166 2631 sylloge
1188 2555 1390 2631 Euphemiana
1413 2574 1470 2614 ser-

297 2648 393 2717 vatur,
416 2644 467 2701 sed
483 2644 514 2700 in
529 2641 564 2704 P.
581 2646 610 2702 et
626 2643 671 2703 Pl.
695 2644 836 2702 omissum
859 2647 912 2714 est,
936 2644 1071 2702 firmatur
1086 2645 1231 2720 syllogam
1250 2664 1317 2720 epp.
1333 2643 1471 2702 Palladae

298 2733 497 2809 perlongum
519 2736 637 2809 tempus
660 2736 806 2792 servatam
828 2733 928 2792 fuisse.

387 2821 587 2880 Affirmantur
611 2841 652 2896 ea,
677 2841 753 2898 quae
776 2822 872 2881 adhuc
895 2821 1121 2890 enucleavimus,
1145 2821 1254 2880 scholio
1278 2823 1314 2879 ad
1339 2841 1384 2897 ep.
1403 2820 1472 2878 VII.

302 2911 375 2968 339.
404 2910 560 2990 adscripto.
606 2912 633 2967 A
658 2929 716 2986 quo
745 2911 855 2969 scholio
884 2910 1100 2986 proficiscentes
1129 2930 1197 2969 cum
1220 2911 1277 2969 viri
1300 2911 1393 2984 docti,
1421 2910 1473 2986 qui

300 2998 445 3074 syllogam
468 2998 608 3056 Palladae'
629 2999 721 3058 fuisse
745 2999 904 3058 effecerunt
927 2999 977 3074 (cf.
1001 3018 1090 3075 supra
1112 3019 1141 3075 p.
1166 3001 1216 3058 47.
1240 2998 1316 3074 sqq.)
1340 2999 1473 3058 omnium

300 3086 389 3145 fidem
413 3086 468 3145 sibi
492 3105 549 3146 non
574 3088 807 3157 conciliaverint,
837 3088 917 3164 quod
941 3088 1012 3163 quid
1036 3089 1134 3147 valeat
1156 3088 1212 3147 hoc
1237 3088 1376 3158 scholion,
1402 3106 1472 3145 non-

301 3176 373 3234 dum
397 3180 443 3234 est
465 3177 669 3251 explanatum:
697 3195 777 3235 nuno
799 3177 937 3253 quoniam
962 3177 1093 3236 scholion
1117 3177 1227 3246 omnia,
1256 3196 1331 3252 quae
1355 3171 1472 3234 aliunde

301 3265 476 3339 invenimus,
499 3265 617 3340 probat,
640 3265 668 3323 ei
690 3265 777 3323 fidem
802 3284 859 3324 non
884 3284 946 3324 esse
970 3266 1167 3342 abrogandam
1192 3271 1275 3341 puto.

390 3353 567 3430 Priusquam
587 3355 623 3412 de
647 3354 735 3414 huius
752 3354 863 3413 scholii
885 3355 1062 3413 auctoritate
1085 3354 1228 3413 iudicium
1251 3354 1385 3429 proferre
1407 3372 1472 3430 pos-

301 3461 412 3516 sumus,
435 3443 521 3502 nobis
545 3444 789 3518 perscrutandum
814 3449 866 3514 est,
891 3443 976 3502 ouius
999 3443 1089 3518 pretii
1113 3449 1143 3502 et
1165 3443 1288 3519 originis
1311 3444 1371 3502 sint
1393 3443 1473 3502 scho-

299 3530 341 3588 lia
367 3531 405 3589 ad
429 3550 494 3606 epp.
523 3532 636 3606 addita,
665 3533 745 3607 quod
773 3537 837 3590 tum
862 3533 981 3590 demum
1009 3533 1176 3608 persolvere
1203 3532 1378 3608 poterimus,
1406 3550 1474 3591 cum

301 3619 399 3677 omnia
422 3619 533 3678 scholia
552 3640 569 3677 a
585 3620 817 3679 Stadtmnellero
841 3621 919 3678 edita
942 3625 1030 3678 erunt
1052 3624 1142 3697 atque
1166 3642 1183 3680 a
1206 3621 1314 3697 quibus
1338 3639 1474 3696 quaeque

301 3707 439 3766 manibus
463 3708 573 3782 scripta
595 3708 662 3781 sint,
686 3709 880 3768 diiudicatum
904 3709 969 3769 erit.

391 3795 426 3852 In
448 3795 620 3856 universum
643 3797 702 3855 duo
725 3817 834 3873 genera
856 3797 1034 3856 scholiorum
1059 3796 1325 3880 epplslraeoorum
1348 3798 1475 3858 discerni

300 3887 438 3961 possunt:

391 3969 420 4038 I.'
439 3973 556 4034 Scholia
575 3993 650 4051 quae
674 3976 863 4050 appellantur
879 3974 1075 4051 Wecheliana,
1099 3976 1155 4035 hoc
1177 3976 1242 4035 loco
1258 3976 1473 4052 praetermitto,

302 4063 383 4139 quod
406 4063 520 4121 minimi
533 4063 631 4138 pretii
654 4057 763 4140 sunt.²)

394 4288 414 4352 ¹)
433 4286 477 4340 De
490 4286 577 4340 huius
589 4286 659 4340 libri
671 4287 881 4357 compositione
898 4287 959 4357 egit
971 4287 1122 4357 Weigand.
1147 4288 1202 4343 Rh.
1216 4289 1255 4342 M.
1277 4289 1353 4343 1847.
1372 4306 1400 4358 p.
1413 4288 1474 4342 284.

393 4357 414 4422 ⁹)
432 4356 553 4426 Jacobs,
576 4358 685 4428 proleg.
709 4376 736 4429 p.
757 4358 894 4414 CXXIV.
913 4359 1013 4413 laudat
1032 4358 1162 4414 codicem
1180 4358 1376 4414 bibliothecae
1395 4376 1476 4414 sena-

303 4432 352 4482 tus
371 4427 531 4498 Lipsiensis
555 4429 701 4498 quondam
719 4431 886 4484 monasterii
906 4429 1089 4499 Ottoburani,
1108 4430 1139 4483 in
1159 4447 1215 4499 quo
1235 4430 1347 4485 scholia
1366 4430 1477 4486 Graeca
