3372 5210
693 324 913 382 -35-

217 503 344 562 Maximo
377 521 407 562 se
439 501 580 574 obiceret,
613 506 643 561 ct
673 505 709 562 ut
731 501 936 560 Valentiniano
965 501 1123 562 admodum
1151 501 1252 560 iuveni
1279 505 1395 578 partem

217 591 335 667 imperii
367 592 399 650 ei·
421 591 555 650 relictam
587 591 623 650 ab
655 590 776 650 Maximi
807 590 923 665 impetu
954 593 1097 665 servaret,
1129 590 1236 668 legatis
1268 590 1395 667 receptis

218 679 380 739 Maximum
402 680 520 739 interim
543 681 752 757 imperatorem
774 679 921 755 probavit.
951 679 1150 738 Theodosium
1165 683 1263 738 autem
1279 699 1311 739 re
1326 697 1396 742 vera

216 769 254 826 de
277 768 397 828 Maximi
419 769 564 833 seditione
587 763 749 828 certiorem
764 768 878 828 factum
902 767 1002 826 statim
1017 768 1048 826 id
1064 767 1221 840 studuisse,
1244 772 1396 828 utcontra

218 858 381 917 Maximum
412 857 525 916 bellum
557 861 674 934 pararet
701 861 744 930 ct,
776 875 954 936 quamquam
985 859 1193 932 usurpatorem
1225 861 1395 934 agnoverat,

218 950 317 1006 tamen
340 946 470 1006 inbelle
494 947 625 1022 parando
648 965 849 1023 perseverasse
876 945 1079 1022 intellegimus
1107 965 1142 1004 ex
1169 945 1298 1005 Socratis
1327 947 1395 1006 hist.

217 1036 286 1095 eccl.
314 1036 350 1104 V,
377 1035 426 1095 12.
455 1040 485 1094 et
511 1035 619 1094 Zosimi
647 1035 699 1097 IV.
727 1055 789 1110 cap.
820 1035 873 1105 373
907 1038 1036 1094 testatur
1064 1035 1244 1094 Themistius
1276 1053 1395 1111 quoque

215 1141 260 1183 or.
282 1123 397 1184 XVIIL
418 1144 447 1200 p.
472 1119 560 1184 220d
579 1144 642 1200 sqq.
666 1125 763 1184 verbis
786 1117 841 1184 οἵα
870 1139 937 1183 που
960 1119 1014 1182 καὶ
1034 1114 1181 1203 &nucina
1204 1115 1396 1203 ἓκσνρατεία,

216 1231 293 1288 quae
317 1231 417 1272 omnes
440 1216 519 1271 recte
542 1214 580 1273 ad
604 1213 818 1289 expeditionem
841 1213 872 1270 in
887 1213 1048 1271 Maximum
1072 1215 1206 1288 paratam
1226 1207 1394 1288 referunt1)

218 1301 301 1360 Idem
325 1301 436 1360 bellum
459 1303 490 1360 in
505 1302 666 1360 Maximum
689 1303 836 1379 agitatum
859 1301 889 1360 in
905 1302 1002 1360 auimo
1018 1301 1108 1360 habet
1124 1301 1312 1374 Themistius
1328 1321 1397 1361 cum

217 1390 297 1448 dicat
330 1408 372 1466 or.
395 1390 506 1450 XVlII.
531 1393 621 1450 224⁰:
654 1383 746 1471 ἡνίκα
775 1383 916 1450 ἐλαύνειν
939 1382 1065 1470 ὥρμητο
1088 1382 1145 1448 ἐπὶ
1172 1383 1227 1469 τὴν
1249 1383 1395 1470 ἑσπέραν.

217 1478 329 1537 Eodem
352 1483 485 1554 tempore
500 1480 696 1539 Theodosium
720 1499 750 1539 se
766 1481 879 1538 diutius
895 1500 913 1538 a
928 1479 1012 1555 Opoli
1028 1479 1182 1538 aditurum
1198 1497 1261 1539 csse
1277 1483 1396 1554 putasse

218 1586 345 1644 eumque
367 1587 399 1626 rc
422 1570 541 1628 maioris
565 1570 707 1628 momenti
731 1572 911 1627 commotum
935 1587 1008 1638 esse,
1036 1571 1073 1626 ut
1096 1567 1331 1644 proficisceretur
1359 1568 1396 1625 ad

219 1657 409 1728 occidentem,
432 1661 556 1732 apparet
579 1677 614 1716 ex
637 1676 684 1728 co,
709 1657 788 1732 quod
811 1657 906 1715 filium
930 1675 1018 1715 suum
1046 1675 1145 1715 coram
1172 1659 1276 1714 senatu
1304 1675 1396 1731 popu·

220 1744 309 1820 loque
332 1765 439 1822 magna
462 1747 638 1804 caerimonia
660 1745 821 1805 Themistio
844 1746 990 1803 tuendum
1013 1738 1178 1824 tradidit.⁹)
1224 1744 1396 1804 Harduinus

219 1833 310 1892 sentit
346 1831 535 1909 imperatoris
573 1834 610 1892 ad
649 1834 831 1894 occidentem
875 1833 1089 1910 expeditionem
1135 1834 1300 1910 significare
1338 1833 1396 1892 iter

219 1921 394 1981 Heracleam
426 1927 457 1980 et
488 1923 630 1980 Beroeam
655 1923 786 1982 tortasse
817 1926 942 2000 propter
973 1923 1123 1982 tumultus
1156 1916 1396 1998 Gomonommss)

218 2010 340 2070 factum.
395 2010 453 2070 sed
484 2030 543 2070 non
575 2011 742 2072 audivimus
774 2012 830 2071 hoc
862 2031 938 2070 anno
976 2012 1058 2069 illam
1097 2014 1214 2087 gentem
1247 2012 1395 2069 tumultus

219 2097 331 2175 fecisse,
356 2100 445 2170 etiam
469 2119 570 2172 annus,
595 2101 657 2176 qui¹
670 2101 858 2176 sequebatur,
881 2099 1144 2176 tranquillissimus
1168 2103 1239 2174 erat,
1254 2103 1290 2158 ut
1304 2099 1396 2158 Theo·

219 2187 320 2248 dosins
343 2208 397 2263 per
420 2191 517 2248 totum
540 2210 650 2248 annum
667 2189 752 2265 Opoli
776 2193 915 2257 maneret,
940 2189 1020 2264 quod
1043 2187 1124 2264 leges
1146 2188 1202 2246 hoc
1218 2206 1293 2246 anno
1310 2188 1395 2246 datae

218 2270 367 2352 docent.4)
412 2278 518 2353 Itaque
535 2297 584 2337 res
597 2280 733 2336 nontam
749 2297 853 2354 graves
869 2282 959 2351 erant,
976 2277 1084 2352 quibus
1100 2279 1264 2336 commotus
1279 2295 1395 2336 neccsse

220 2381 282 2424 esse
306 2369 426 2440 putaret
448 2366 509 2424 filio
533 2384 595 2437 suc,
619 2366 690 2424 dum
712 2366 776 2443 ipse
799 2367 921 2440 abesset,
945 2369 1076 2424 tutorem
1098 2365 1261 2424 instituere.
1290 2365 1394 2442 Repel-

219 2453 292 2512 litur
318 2453 466 2512 Harduini
488 2455 657 2514 coniectura
680 2473 713 2513 eo
746 2474 876 2532 quoque,
910 2455 989 2530 quod
1017 2454 1198 2514 Theodosius
1226 2474 1279 2530 per
1305 2455 1394 2514 breve

219 2545 337 2618 tempus
359 2543 390 2601 in
413 2543 459 2603 his
482 2544 598 2619 oppidis
621 2544 730 2616 fueram
754 2544 844 2604 fuisse
868 2563 936 2602 eum
959 2543 1073 2602 ibidem·
1093 2544 1170 2601 inter
1193 2563 1218 2601 c.
1235 2544 1262 2601 d.
1279 2543 1331 2602 IV.
1355 2543 1394 2602 id.

218 2631 289 2692 Jun.
312 2635 343 2690 et
365 2632 441 2707 prid.
469 2632 534 2690 Kal.
563 2633 644 2708 Sept.
676 2635 825 2692 testantur
856 2633 936 2710 leges
968 2633 1055 2691 istinc
1088 2626 1234 2707 missael)
1282 2631 1395 2700 Quibus

218 2720 387 2780 deliberatis
418 2740 591 2797 persuasum
623 2721 765 2780 habemus
806 2741 838 2779 re
876 2721 1085 2797 periculosiore
1123 2720 1318 2778 Themistium
1357 2720 1395 2778 ad

218 2809 400 2868 occidentem
427 2813 464 2867 ut
491 2809 738 2885 proficisceretur,
769 2809 934 2885 impulsum
966 2827 1036 2868 esse.
1083 2808 1140 2868 Sed
1168 2808 1282 2867 nullam
1306 2809 1396 2866 alium

218 2917 281 2955 rem
303 2898 390 2957 istius
413 2898 555 2973 temporis
578 2898 742 2958 invenimus
765 2917 799 2958 ac
822 2898 942 2956 Maximi
971 2897 1157 2968 seditionem,
1191 2918 1266 2974 quae
1298 2897 1393 2956 Theo·

219 2985 302 3045 dosio
326 2987 519 3062 periculosior
541 2987 709 3060 videbatur,
742 3007 830 3063 quam
854 2991 889 3046 ut
920 2987 1021 3046 statim
1049 2987 1179 3046 exercitu
1202 2987 1272 3046 satis
1296 2987 1396 3046 valido

190 3074 350 3176 ,nondum
373 3075 496 3134 collecto
519 3081 726 3151 usurpatorem
750 3076 915 3152 castigaret.

307 3283 328 3352 ¹)
351 3282 400 3337 Sic
423 3282 500 3335 enim
523 3281 707 3336 scribendum
730 3299 791 3337 esse
814 3288 886 3353 puto
911 3299 975 3352 pro:
1007 3276 1054 3335 cic
1072 3298 1128 3335 που
1145 3282 1192 3333 καὶ
1211 3274 1341 3351 ἡπρώτη
1360 3267 1395 3346 ἦν

217 3347 380 3422 impurata
398 3369 429 3408 τε
446 3354 494 3406 καὶ
512 3346 585 3424 ὁρμὴ
604 3349 651 3406 ἐπὶ
668 3348 719 3408 τὸν
736 3347 837 3420 Ῥῆνον.
874 3353 1055 3406 Theodosius
1073 3368 1223 3420 nunquam
1242 3357 1327 3405 antea
1346 3367 1394 3404 ex·

218 3422 398 3491 peditionem
413 3423 449 3477 ad
463 3424 597 3478 Rhenum
616 3424 731 3493 fecerat,
750 3424 809 3478 fuit
828 3423 953 3493 quidem,
994 3423 1141 3492 riusquam
1160 3422 1201 3475 im
1223 3429 1317 3476 erator
1335 3422 1393 3476 fae-

219 3498 266 3546 tus
286 3499 336 3562 est,
355 3494 501 3547 interdum
520 3495 551 3547 in
570 3494 733 3548 Germania.
769 3493 826 3548 Sed
845 3511 910 3547 cum
929 3441 1025 3549 verinis
1043 3440 1263 3563 insequentiiius
1282 3492 1393 3547 bellum

218 3563 251 3616 in
269 3564 431 3618 Maximum
453 3571 586 3634 paratum
610 3571 707 3634 aperte
731 3564 923 3634 significetur,
953 3565 1031 3634 quod
1049 3564 1231 3618 Theodosius
1255 3570 1393 3633 quattuor

217 3635 302 3688 annis
320 3635 480 3705 posthanc
498 3637 659 3690 orationem
677 3635 807 3706 liabitam
820 3636 954 3706 confecit,
974 3636 1152 3692 Themistius
1163 3636 1219 3690 hoc
1237 3635 1303 3690 loco
1322 3653 1393 3690 non·

217 3705 287 3760 dum
306 3706 402 3762 dicere
419 3712 517 3777 potest
536 3701 552 3774 ἦ
570 3704 667 3778 πρώτη
686 3707 719 3774 ἠν
736 3705 881 3778 temperet
900 3750 905 3761 .
944 3708 1027 3774 Quae
1052 3707 1201 3779 expeditio
1225 3707 1307 3762 brevi
1326 3714 1393 3762 ante

218 3778 379 3833 orationem
402 3778 532 3833 habitam
559 3784 672 3849 parata,
701 3778 752 3833 scd
776 3779 905 3833 Maximo
930 3779 1029 3848 agnito
1052 3778 1137 3833 finita
1160 3778 1207 3833 vel
1230 3779 1393 3834 intermissa

219 3855 287 3936 erat.
323 3850 428 3936 Itaque
446 3850 506 3904 leni
525 3851 685 3905 mutatione
704 3848 889 3938 scribendum
911 3859 956 3934 est
973 3843 990 3916 ἡ
1008 3847 1105 3923 πρῴην
1123 3845 1285 3921 &raeparator
1303 3866 1356 3920 pro
1376 3843 1393 3916 ἦ

217 3917 720 4062 '‘⁰‘⁰²sttmrtt‘mlsls¹t¹
739 3939 774 4046 t
790 3921 1114 4060 tristities,
1142 3991 1312 4045 mandatum
1330 4007 1392 4046 ese

218 4061 350 4118 videmus
369 4079 405 4116 ex
424 4080 464 4119 or.
480 4064 563 4118 XVI.
577 4065 650 4118 204¹>
671 4070 700 4118 et
719 4065 791 4117 213³
812 4065 881 4118 anni
901 4064 961 4120 383.
980 4080 1078 4118 mense
1096 4064 1163 4118 Jan.
1182 4061 1293 4116 habita.

308 4134 328 4203 8)
349 4133 385 4188 cf,
399 4133 545 4188 Hardnini
557 4140 656 4188 notam
670 4134 716 4190 ad.
730 4135 757 4190 h.
770 4135 789 4190 l.
803 4153 831 4206 p.
845 4136 906 4190 489.
937 4136 1019 4189 Haec
1038 4151 1109 4204 gens
1128 4150 1201 4203 quae
1220 4133 1258 4186 sit
1277 4150 1393 4204 quoque

217 4201 303 4258 modo
322 4221 347 4259 a.
367 4204 427 4259 386.
447 4205 525 4259 victa
543 4205 589 4274 sit,
608 4212 706 4260 narrat
724 4206 882 4260 Tillemont
900 4207 919 4262 l.
932 4206 951 4259 1.
971 4205 1079 4260 Theod.
1093 4205 1116 4260 I.
1137 4203 1346 4260 art'XXVIII.

305 4274 327 4347 ⁴)
347 4275 383 4331 cf.
402 4276 561 4330 Tillemont
579 4276 598 4332 l.
612 4276 631 4330 l.
651 4283 702 4332 art.
715 4276 812 4331 XXV.

306 4348 328 4416 ⁶)
348 4347 465 4402 Verona
487 4347 518 4400 in
543 4347 606 4404 cod.
625 4347 733 4402 Theod.
748 4348 816 4418 XII,
833 4350 856 4414 l,
873 4350 931 4403 107.
951 4347 1060 4402 tradita
1083 4347 1302 4402 aGothcfredo
1326 4364 1394 4417 pro-

217 4416 355 4472 babiliter
373 4419 405 4473 in
423 4420 533 4474 Beroea
552 4425 663 4474 mutata
681 4425 732 4474 est.
1196 4429 1198 4434 '

1141 4509 1179 4562 3*
