3372 5210
656 342 961 414 ,-94-

265 541 323 580 non
347 521 531 597 respondere.
578 520 622 577 Ex
646 520 766 595 reliquis
792 520 854 578 146
878 518 1439 596 1313111328,13113133311331118

266 610 458 685 paroxytonis
481 609 633 669 finiuntur.
1307 678 1309 683 Ι

353 699 463 774 Legem
479 698 549 756 huic
569 698 755 767 simillimam,
780 717 868 772 quam
884 697 1027 756 Ludwich
1043 695 1072 754 J.
1088 697 1117 755 J.
1135 698 1207 772 109.
1223 718 1252 773 p.
1271 699 1344 756 441.
1360 697 1438 758 Non-

265 807 337 844 num
365 787 534 846 observasse
562 786 638 845 vidit
665 806 784 862 quaque
811 805 897 846 voces
925 790 1179 862 proparoxytonae
1208 787 1238 844 in
1268 788 1440 846 trochaeum

265 876 429 944 excidentes
456 877 487 933 in
510 875 638 934 secundo
662 875 737 951 pede
761 875 832 949 poni
853 878 1005 949 vetantur,
1028 875 1088 931 iam
1111 893 1202 950 supra
1226 897 1254 951 p.
1287 876 1347 953 87,
1371 895 1439 935 cum

265 965 412 1041 deprime
434 965 499 1041 lege
516 963 685 1040 Meyeriana
706 963 796 1022 verba
811 965 982 1034 faceremus,
1005 962 1166 1039 attigimus.
1213 964 1363 1040 Exemplis
1385 966 1440 1023 illo

265 1054 331 1112 loco
355 1054 463 1128 notatis
487 1053 628 1111 docemur
650 1052 724 1110 hanc
741 1071 858 1129 quoque
882 1053 978 1128 legem
995 1052 1146 1110 Palladem
1164 1054 1295 1111 nondum
1315 1053 1440 1128 novisse.

353 1142 452 1200 Etiam
475 1141 556 1200 illius
571 1141 653 1218 legis,
677 1161 737 1216 qua
751 1141 941 1216 praecipitur,
958 1161 994 1199 ne
1011 1141 1117 1198 ultima
1132 1142 1310 1216 pentametri
1326 1143 1440 1218 syllaba

265 1235 390 1290 acuatur
413 1249 562 1306 quamque
586 1229 704 1288 Hansen
712 1225 736 1305 ¹)
759 1230 873 1305 primus
896 1230 1020 1300 invenit,
1045 1231 1096 1289 sed
1112 1230 1214 1306 Meyer
1236 1231 1254 1289 l.
1271 1231 1289 1288 l.
1306 1251 1334 1306 p.
1356 1232 1438 1290 1014

265 1320 375 1378 rectius
403 1320 563 1378 declaravit
590 1339 607 1376 a
635 1319 729 1394 poetis
761 1338 819 1377 non
848 1318 977 1377 multum
1000 1338 1029 1393 p.
1051 1318 1101 1376 Oh.
1124 1338 1151 1376 n.
1173 1319 1346 1379 florentibus
1370 1339 1437 1379 con-

264 1405 400 1466 stitutam
424 1412 454 1466 et
475 1428 493 1465 a
516 1408 611 1483 poetis
627 1407 771 1483 Agathiae
795 1406 878 1482 Cycli
902 1427 999 1466 severe
1024 1407 1209 1466 observatam
1231 1427 1299 1482 esse,
1323 1409 1353 1466 in
1370 1409 1437 1468 Pal-

264 1497 348 1554 ladae
372 1517 438 1572 epp.
461 1497 586 1574 vestigia
608 1515 667 1554 non
684 1496 881 1571 reperiuntur,
905 1496 955 1554 sed
980 1496 1093 1554 clandit
1114 1496 1166 1553 ille
1258 1507 1260 1512 ’

614 1585 674 1643 157
700 1588 901 1660 pentametros
924 1584 1125 1660 paroxytonis.

634 1673 673 1732 91
792 1717 807 1748 „
923 1674 1178 1750 proparoxytonis.

558 1763 610 1822 sed
635 1764 675 1821 12
793 1807 807 1834 „
924 1762 1068 1838 oxytonis.

634 1851 675 1910 14
794 1895 806 1923 „
922 1851 1142 1926 perispomenis

355 1941 410 1998 Sed
435 1941 506 2000 haec
528 1940 585 1996 iam
610 1939 681 1998 satis
704 1940 810 1997 multa:
834 1944 992 2015 postquam
1007 1940 1183 2015 principales
1200 1941 1280 2016 leges
1297 1947 1327 2000 et
1341 1941 1438 2000 Nonni

265 2038 295 2087 et
335 2032 515 2088 sectatorum
558 2029 633 2102 eiua,
671 2047 744 2104 quas
777 2028 920 2086 Ludwioh
957 2027 998 2105 (in
1031 2029 1203 2088 Rossbachii
1241 2031 1350 2088 Metrih
1386 2031 1438 2088 der

264 2111 421 2177 Griechen8
444 2114 500 2176 III.
526 2120 554 2175 2.
581 2137 609 2193 p.
636 2119 685 2175 64.
709 2116 784 2193 sqq.)
818 2117 975 2194 diligenter
998 2118 1176 2193 composuit,
1208 2137 1267 2193 quo
1300 2119 1387 2176 modo
1408 2138 1437 2176 'a

264 2208 387 2264 Pallada
410 2207 468 2264 iam
493 2207 662 2266 observatae
686 2207 752 2280 sint,
769 2207 1005 2281 examinavimus,
1022 2207 1175 2264 Palladem
1197 2207 1327 2264 nondum
1350 2225 1435 2278 nosse

263 2297 329 2354 illas
351 2295 432 2372 leges
456 2295 591 2353 vidimus.
638 2294 711 2353 ilum
736 2295 809 2353 tales
832 2294 911 2372 leges
934 2314 991 2353 non
1016 2295 1114 2354 subito
1130 2295 1225 2354 enasci
1241 2297 1361 2365 soleant,
1385 2297 1435 2358 sed

263 2384 380 2442 exordia
403 2403 504 2441 earum
526 2385 586 2440 iam
610 2384 661 2441 diu
684 2387 770 2441 antea
792 2385 822 2440 in
839 2384 1015 2442 carminibus
1031 2387 1250 2442 antecessorum
1265 2385 1437 2462 investigari

262 2469 384 2548 possint,
407 2471 493 2530 facile
518 2472 675 2530 coniecerit
699 2472 844 2547 quispiam
872 2472 902 2528 in
930 2473 1067 2530 Palladae
1095 2493 1215 2549 quoque
1243 2493 1309 2549 epp.
1342 2474 1437 2531 multa

261 2561 346 2619 initia
368 2561 439 2620 artis
463 2561 601 2619 metricae
624 2558 844 2619 Nonnianorum
868 2561 926 2618 iam
956 2561 1077 2636 reperiri
1105 2581 1203 2637 posse,
1232 2582 1306 2637 quae
1335 2567 1436 2636 postea

263 2670 279 2708 a
302 2650 405 2708 Nonno
429 2651 544 2708 exculta
567 2650 626 2708 sint
649 2651 685 2706 ad
709 2650 817 2726 rigidas
847 2651 933 2726 leges.
981 2649 1065 2719 Quod
1089 2671 1148 2709 non
1171 2654 1249 2708 recte
1273 2651 1365 2710 conici
1389 2670 1434 2708 me

262 2739 423 2798 certissime
447 2739 692 2798 demonstravisse
717 2739 845 2797 arbitror
868 2744 899 2796 31
920 2758 1163 2814 unumquemque
1189 2758 1235 2796 res
1260 2739 1435 2814 principales

261 2828 456 2902 probaturum
486 2845 547 2886 esse
577 2846 675 2902 spero;
715 2832 753 2885 ut
785 2828 909 2902 paucis
943 2828 1136 2902 absolvam,
1169 2827 1336 2885 Palladas
1368 2847 1434 2886 non

261 2917 500 2975 numerandus
524 2921 578 2974 331
601 2917 634 2973 in
658 2915 952 2974 antecessoribus
975 2917 1115 2975 scholae
1139 2915 1260 2974 Nonni.

351 3003 408 3062 Sed
443 3023 509 3060 curn
542 3009 627 3062 antea
654 3005 806 3062 Palladem
838 3025 874 3062 ne
906 3005 1169 3063 Alexandrinorum
1203 3005 1323 3081 quidem
1356 3005 1436 3082 leges

262 3093 429 3152 observasse
452 3093 622 3161 viderimus,
648 3113 714 3151 eum
738 3099 791 3152 aut
813 3099 947 3152 secutum
972 3113 1033 3153 3333
1056 3095 1257 3169 antiquiorum
1281 3098 1435 3169 poetarum

261 3182 353 3258 leges,
381 3182 412 3238 in
439 3182 541 3257 primis
567 3182 687 3240 Homeri
715 3183 916 3241 coniciendum
944 3187 989 3240 est
1015 3187 1067 3240 aut
1094 3202 1197 3242 versus
1225 3201 1293 3241 suos
1321 3182 1436 3258 legibus

260 3271 401 3347 neglectis
424 3289 477 3329 suo
502 3270 623 3328 arbitrio
648 3272 852 3346 composuisse,
876 3271 956 3346 quod
980 3289 1047 3328 cum
1071 3271 1111 3328 eis
1135 3276 1257 3346 pugnat,
1282 3291 1357 3346 quae
1377 3271 1435 3328 iam

261 3378 351 3434 supra
379 3359 610 3418 enucleavimus:
643 3360 792 3417 Palladem
824 3381 846 3416 e.
876 3380 904 3436 g.
940 3359 1120 3418 trochaicam
1152 3379 1304 3418 caesuram
1337 3360 1436 3435 quarti

260 3449 343 3524 pedis
359 3452 394 3505 ut
409 3447 573 3506 Homerum
589 3449 697 3508 vitasse
713 3449 911 3506 intelleximus
927 3469 954 3523 p.
966 3450 1007 3508 90
1019 3467 1079 3524 seq.
1090 3449 1274 3523 eundemque
1291 3449 1436 3507 simliliter

261 3543 349 3613 atque
366 3537 530 3594 Homerum
547 3537 679 3612 dactylos
695 3538 825 3594 nondum
848 3537 891 3595 ita
914 3538 1114 3613 anteposuisse
1131 3537 1266 3612 spondeis
1282 3541 1318 3594 ut
1332 3544 1435 3612 poetes

260 3625 436 3682 recentiores
461 3625 521 3682 iam
548 3625 674 3684 diximus
691 3645 718 3700 p.
736 3627 786 3684 86.
838 3622 914 3683 Item
941 3625 1076 3683 Palladas
1108 3644 1242 3684 caesuras
1273 3625 1435 3684 trochaicae

260 3713 340 3772 tertii
364 3712 446 3788 pedis
469 3715 529 3771 fere
553 3714 676 3771 totidem
704 3715 838 3787 adhibet,
866 3717 940 3788 quot
967 3714 1189 3788 semiquinaries
1216 3718 1251 3772 ut
1278 3714 1435 3788 Homerus

260 3821 349 3878 quam
383 3802 419 3859 ob
452 3821 516 3858 rem
543 3801 695 3859 Palladem
728 3802 809 3859 illam
841 3801 911 3859 huic
943 3803 1158 3877 antepossuisse
1191 3809 1226 3860 ut
1258 3803 1436 3878 posteriores

261 3896 362 3967 poetas
390 3891 528 3949 contendi
560 3911 617 3948 non
650 3894 753 3966 potest.
800 3891 845 3948 De
879 3891 1006 3949 caesuris
1040 3901 1074 3948 ut
1105 3892 1192 3966 plura
1224 3891 1344 3965 addam,
1376 3891 1433 3948 iarn

260 3980 406 4037 Homerus
429 4001 465 4038 ne
488 3985 556 4055 post
578 3982 663 4037 linem
692 3980 773 4038 tertii
800 3979 883 4055 pedis
910 3980 1030 4055 gravius
1057 3979 1212 4050 incideret,
1242 3980 1376 4054 evitavit,
1404 3980 1435 4037 in

259 4069 362 4143 primis
395 4089 430 4126 ne
464 4069 673 4144 distingueret,
706 4069 742 4126 de
775 4088 834 4144 qna
861 4088 892 4125 re
920 4069 987 4127 vide
1015 4068 1147 4126 tabulam
1171 4069 1435 4127 distinctionuma

259 4157 432 4216 Ludwichio
456 4157 497 4233 (in
523 4158 692 4216 Rossbachii
715 4158 824 4215 Metrih
847 4177 874 4231 p.
893 4156 955 4233 64.)
972 4158 1172 4232 compositam.
1205 4157 1269 4226 Qua
1285 4176 1353 4215 cum
1369 4158 1434 4232 lege

349 4364 371 4432 ¹)
387 4363 440 4418 Rh.
454 4363 494 4416 M.
508 4363 550 4418 38.
565 4363 655 4432 (1883)
669 4363 762 4432 peto.
777 4363 968 4417 etVerhandl.
983 4363 1009 4417 d.
1023 4363 1067 4418 36.
1077 4361 1434 4432 Philologen·Versamml.

259 4434 418 4487 Karlsruhe
439 4434 514 4487 lasa.
535 4452 561 4502 p.
576 4435 635 4486 290.
669 4503 675 4511 ι
