3372 5210
789 448 1030 506 -100-

323 624 374 684 XI.
400 626 473 685 305.
500 626 536 699 1.,
564 645 618 701 pro
652 645 710 701 qua
743 625 878 684 Palladas
907 627 976 685 alibi
1013 645 1127 703 semper
1154 628 1259 709 μωρία
1288 630 1420 706 adhibet,
1458 633 1495 691 of.

324 733 389 790 epp.
413 715 448 773 X.
474 715 525 785 90,
550 716 578 772 4.
603 714 653 785 91,
680 717 722 788 2.,
746 718 782 773 nt
805 715 867 775 veri
891 715 1016 775 similius
1045 717 1084 776 sit
1107 718 1180 776 banc
1203 737 1305 777 vocem
1332 739 1391 778 non
1419 725 1496 781 recte

323 804 463 861 traditam
488 822 559 864 esse.
592 803 686 873 Quam
710 803 747 861 ob
771 824 833 861 rem
856 804 981 864 fortasse
1006 824 1072 864 cum
1089 805 1285 866 Herwerdeno
1310 809 1494 868 scribendum

323 884 676 973 331θρέμμάἰύρείης,
701 893 779 968 quod
804 893 925 970 Dilthey
948 913 1067 970 quoque
1091 895 1207 970 probat,
1231 901 1329 956 tamen
1351 898 1407 957 hoc
1430 900 1495 958 loco

322 982 441 1040 nomina
464 981 584 1058 propria
606 982 734 1058 proferri
758 982 872 1041 conicit.

227 1147 228 1153 ρ
411 1069 477 1129 Non
500 1071 597 1129 minus
619 1070 789 1146 petulanter
806 1072 940 1130 Palladas
957 1074 1140 1148 correptione
1157 1073 1256 1133 Attica
1272 1094 1346 1150 quae
1362 1079 1494 1147 vocatur,

322 1159 429 1234 utitur,
454 1160 489 1219 cf.
513 1180 536 1219 e.
560 1180 589 1236 g.
612 1160 740 1236 syllabas
763 1161 859 1219 media
881 1161 912 1219 in
935 1180 1006 1220 voce
1029 1162 1112 1221 sitas:
1140 1163 1190 1220 XI.
1216 1165 1288 1222 299.
1312 1185 1337 1224 v.
1364 1164 1391 1222 1.
1412 1156 1494 1245 ύβρί-

322 1241 386 1320 ζεις
408 1248 497 1326 longa
520 1248 634 1325 syllaba
656 1249 760 1324 prima,
784 1269 811 1308 v.
829 1252 857 1309 2.
880 1250 976 1321 brevi3
999 1250 1071 1310 item
1094 1251 1144 1309 XI.
1168 1253 1248 1327 302,
1269 1273 1296 1312 v.
1314 1254 1341 1312 1.
1365 1254 1454 1330 longa
1475 1259 1494 1310 ir

322 1356 349 1396 v.
367 1339 395 1396 2.
418 1337 508 1399 brevi.
554 1337 605 1396 IX.
624 1338 696 1397 487.
715 1340 743 1397 2.
760 1334 891 1417 Κύπρος
913 1338 1001 1416 longa
1024 1340 1205 1415 paenultima
1227 1362 1254 1401 v.
1272 1344 1299 1400 4.
1316 1342 1407 1401 brevi.

412 1426 550 1486 Diversus
573 1445 660 1486 voces
682 1428 713 1484 in
742 1427 844 1486 eodem
874 1447 917 1503 ep.
950 1429 1073 1504 corripit
1104 1432 1157 1487 aut
1187 1447 1258 1495 non:
1283 1431 1341 1490 ΙΧΙ.
1367 1433 1440 1491 305.
1467 1433 1493 1490 6.

322 1503 422 1573 οἶσθα
437 1508 660 1595 γραμματικὴν
677 1558 684 1574 .
704 1561 709 1574 .
727 1559 733 1574 .
756 1506 828 1574 ούτε
844 1511 1055 1587 πλατωνικύς.
1100 1519 1135 1577 Χ.
1154 1518 1202 1577 55.
1221 1520 1249 1576 8.
1265 1517 1383 1599 πέτρης
1398 1520 1494 1597 longa,

323 1624 349 1663 v.
366 1605 394 1663 7.
418 1603 585 1686 πέπραοαι
609 1604 690 1663 bravi
718 1605 833 1681 syllaba
856 1605 958 1681 prima.
1005 1606 1149 1666 Similiter
1164 1607 1214 1665 XI.
1233 1606 1306 1664 317.
1325 1608 1352 1667 1.
1375 1604 1494 1688 μακρύ·

322 1691 431 1768 θύμον
454 1694 545 1764 brevi,
570 1714 597 1753 r.
616 1695 643 1753 3.
660 1684 751 1752 ύκνον
773 1695 862 1771 longa
886 1694 998 1771 syllaba
1014 1695 1117 1771 prima.
1163 1696 1197 1752 X.
1217 1696 1267 1770 55,
1285 1697 1312 1756 5.
1329 1691 1495 1773 τύπτομαι

322 1774 388 1840 orid'
421 1783 504 1842 hiatu
537 1781 709 1860 corripitur,
743 1804 768 1843 v.
795 1783 823 1843 1.
850 1776 896 1862 μὴ
925 1775 1103 1841 ὑπακούειν
1130 1785 1213 1843 hiatu
1241 1803 1299 1843 non
1328 1785 1494 1861 corripitur.

322 1871 418 1930 Multa
441 1872 497 1930 alia
520 1871 726 1946 praetermissa
749 1871 836 1930 facio

804 1994 1016 2002 ..Μ

815 2079 1019 2163 Peroratio.

411 2227 558 2287 Ultimum
581 2231 682 2300 restat,
714 2233 749 2287 ut
781 2228 890 2304 omnia,
919 2249 994 2305 quae
1025 2229 1150 2306 singulis
1178 2229 1323 2305 capitibus
1356 2229 1494 2307 eruimur,

323 2317 617 2392 comprehendamus,
645 2320 681 2376 ut
708 2320 822 2377 certum
849 2318 991 2378 iudicium
1019 2319 1055 2377 de
1082 2318 1204 2377 Pallada
1231 2319 1308 2377 ferre
1340 2319 1495 2394 possimus.

323 2406 368 2464 De
391 2405 476 2463 nullo
499 2425 631 2482 unquam
653 2410 741 2482 poeta
764 2407 949 2483 antiquitatis
971 2411 1033 2466 tam
1057 2407 1137 2465 varia
1161 2407 1269 2466 iudicia
1291 2409 1407 2483 prolata
1434 2427 1494 2466 esse

322 2498 437 2554 eertum
466 2498 522 2571 est,
550 2514 640 2571 quam
664 2495 699 2553 de
723 2496 844 2554 Pallada
866 2500 978 2555 nostro:
1008 2495 1197 2554 Causobonus
1221 2490 1332 2573 enim1)
1360 2515 1426 2554 eum
1450 2497 1494 2554 in·

322 2584 518 2644 sulsissimum
541 2583 771 2644 versificatorem
794 2585 933 2661 appellat,
958 2588 988 2643 at
1004 2577 1207 2662 opsopaeus2)
1231 2603 1298 2642 eum
1321 2585 1352 2641 in
1375 2584 1494 2658 optimis

322 2673 415 2749 poetis
439 2676 576 2732 numerat
600 2677 688 2750 atqua
712 2695 782 2751 praa
806 2675 909 2734 ceteris
932 2695 999 2733 oum
1023 2673 1158 2732 Martiale
1182 2671 1409 2748 comparandum
1433 2691 1495 2731 esse

322 2763 403 2821 dicit.
450 2764 548 2838 Atque
570 2765 606 2821 ut
628 2764 786 2823 sententias
812 2764 941 2822 virorum
969 2764 1125 2823 doctorum
1152 2766 1268 2822 nostrae
1296 2761 1398 2820 aetatis
1426 2781 1492 2837 pro·

322 2852 458 2926 feramus,
483 2844 630 2928 Schoell³l
655 2871 722 2910 eum
745 2851 878 2911 nominat
900 2853 973 2913 satis
997 2853 1169 2929 elegantem,
1185 2845 1329 2928 Nicolai4)
1344 2851 1496 2926 vituperat

322 2940 485 3001 carminum
508 2940 690 2998 ieiunitatem
714 2945 743 2999 et
770 2941 933 3000 infacetum
960 2942 1067 3000 lusum.
1114 2941 1230 3000 Veritas
1259 2943 1293 2999 ut
1321 2940 1495 3016 plerumque

322 3029 377 3088 hac
404 3029 434 3086 in
462 3047 494 3086 re
519 3047 637 3103 quoque
660 3029 691 3087 in
714 3030 808 3088 medio
833 3034 889 3089 est:
914 3049 981 3089 oum
1005 3030 1155 3106 ingenioso
1178 3030 1231 3088 illo
1254 3028 1407 3087 Bilbilensi
1432 3029 1495 3087 Pal·

323 3117 420 3176 ladam
443 3136 501 3175 non
525 3135 585 3174 esse
610 3118 837 3193 comparandum
861 3118 919 3176 iam
943 3119 1078 3189 vidimus,
1101 3137 1169 3178 oum
1192 3122 1291 3178 careat
1318 3107 1413 3193 copia
1431 3135 1495 3176 sen-

324 3207 492 3282 tentiarum,
516 3205 654 3277 sollertia,
677 3206 821 3265 varietate
844 3207 997 3266 Martialis
1042 3210 1084 3264 At
1110 3208 1204 3282 pluris
1232 3206 1382 3264 Palladem
1411 3207 1495 3266 aesti-

322 3296 476 3371 mabimus¹
500 3295 524 3354 si
549 3314 616 3354 eum
640 3313 707 3354 cum
731 3295 825 3371 poetis
842 3295 972 3354 eiusdem
989 3295 1110 3370 patriae,
1135 3313 1202 3352 oum
1219 3293 1336 3353 Graecis
1353 3295 1495 3372 epigram-

323 3385 523 3461 matographis
546 3385 794 3460 comparabimus:
817 3385 864 3444 hic
888 3385 965 3443 enim
981 3387 1083 3444 contra
1099 3402 1199 3442 eorum
1217 3383 1362 3442 rationem
1376 3384 1495 3442 minime

323 3477 439 3532 tantum
461 3474 637 3532 auctoritate
656 3477 872 3534 antecessorum
895 3478 1060 3533 commotus
1086 3476 1137 3545 est,
1161 3473 1275 3549 primus
1307 3473 1433 3532 liberum
1466 3492 1495 3532 se

322 3562 473 3638 praestitit
495 3562 531 3620 ab
554 3563 671 3640 ingenio
696 3564 808 3641 egregii
831 3563 911 3623 illius
934 3563 1083 3621 Tarentini
1099 3562 1253 3633 Leonidae,
1277 3562 1325 3621 hic
1345 3561 1494 3638 propriam

323 3669 407 3710 suam
429 3654 567 3710 naturam
591 3653 718 3711 servavit
741 3658 771 3712 et
793 3653 824 3711 in
847 3653 999 3712 sententiis
1023 3658 1052 3710 et
1074 3652 1105 3710 in
1128 3651 1238 3722 formis,
1261 3651 1290 3710 id
1314 3651 1394 3726 quod
1417 3650 1496 3726 apud

324 3739 450 3816 optimos
474 3739 550 3798 solos
574 3740 840 3816 epigrammatistas
868 3742 1046 3819 invenimuS,
1075 3741 1122 3800 hio
1149 3741 1325 3817 propagavit
1351 3740 1422 3798 fines
1450 3758 1495 3813 ep.

324 3829 427 3888 Graeci
450 3849 467 3886 a
490 3828 649 3889 maioribus
673 3833 816 3905 acceptos.
862 3830 940 3899 Erat,
963 3835 999 3888 ut
1021 3831 1121 3906 paucis
1144 3830 1301 3902 absolvam,
1325 3831 1420 3902 poeta,
1445 3828 1496 3903 qui

322 3917 385 3977 istis
417 3918 610 3994 temporibus,
643 3918 750 3995 quibus
782 3919 846 3978 fons
874 3919 990 3979 validus
1018 3919 1127 3996 ingenii
1155 3921 1185 3976 et
1213 3917 1284 3975 artis
1317 3915 1495 3976 Graecorum

323 4008 385 4068 fera
418 4012 583 4080 exaruerat,
616 4007 702 4067 fidem
736 4009 865 4068 servavit
897 4008 1053 4083 praeclaris
1082 4007 1221 4083 exemplis
1249 4007 1438 4082 antiquorum
1467 4010 1496 4063 et

324 4098 475 4175 ingenium
499 4091 644 4158 Graecum
669 4097 855 4157 mediocriter
878 4097 1011 4173 quidem,
1043 4097 1091 4156 sed
1121 4095 1200 4154 haud
1229 4096 1316 4170 male,
1350 4113 1403 4170 pro
1435 4094 1496 4154 suis

324 4187 436 4247 viribus
460 4208 528 4264 epp.
551 4183 612 4247 suis
634 4187 819 4263 propagavit.

413 4343 433 4410 ¹)
453 4301 642 4396 Oarrsobonus
661 4339 697 4394 ad
716 4340 772 4394 sori
793 4345 814 4394 t.
833 4340 900 4394 hist.
919 4341 1041 4408 August.
1055 4341 1077 4394 Ι.
1097 4341 1157 4393 842.

413 4413 433 4516 1)
452 4411 847 4538 ditbidpiids'cid'veaffld
850 4411 987 4536 11111311
1005 4482 1049 4534 111
1112 4482 1145 4533 aa

413 4485 435 4626 41
457 4527 505 4609 Gr.
525 4524 595 4610 Lirt'.
616 4525 718 4608 Gesch'.
733 4553 787 4607 III.
800 4524 834 4624 ¹p.
847 4553 907 4608 364.
1051 4499 1098 4552 'p'
1149 4525 1154 4536 ”
