3372 5210
764 326 1106 395 -74-‚

287 505 351 565 sola
379 505 513 582 longiora
540 508 611 564 sunt
638 503 733 563 tribus
765 503 910 576 distichis,
945 521 979 560 ex
1007 502 1115 579 quibus
1148 502 1207 560 duo
1236 504 1306 561 6661
1333 501 1462 576 66661166

286 593 369 670 (Vll.
395 594 467 653 683.
491 598 521 651 61
544 592 595 652 ΙΧ.
621 591 715 669 dli),
742 591 857 661 Quibus
879 611 913 648 ex
939 591 977 649 11
1004 611 1069 666 epp.
1093 591 1204 650 habent

335 684 351 741 1
378 703 422 758 66.
447 682 494 757 (Χ.
520 680 582 752 56.)
1202 698 1315 738 novena
1337 678 1463 738 disticha

335 773 351 830 1
377 791 421 847 ep.
445 769 508 847 (IX.
535 771 619 846 174.)
1096 831 1098 836 ,
1198 787 1267 826 6666
1379 811 1403 836 ,,

334 863 353 917 4
378 880 445 936 epp.
468 859 531 934 (IX.
558 861 639 929 165,
665 860 746 933 377,
770 859 805 917 X.
830 860 889 928 50,
913 858 963 917 Xl.
988 856 1074 934 351.)
1199 857 1290 932 quina
1392 900 1403 926 ,

335 951 353 1007 5
378 968 444 1024 666.
468 947 547 1022 (VII.
573 949 654 1020 683,
678 947 729 1007 IX.
755 948 836 1020 173,
860 948 895 1004 X.
920 948 980 1016 45,
1005 948 1065 1019 55,
1090 945 1152 1022 75.)
1199 949 1342 1021 quaterna
1391 990 1403 1016 ,

376 1038 500 1096 Restant
530 1037 625 1113 igitur
655 1037 717 1096 112
751 1032 999 1112 epigrammatum
1032 1036 1095 1094 219
1129 1035 1266 1108 11611616,
1299 1052 1375 1109 quae
1408 1035 1462 1092 boo

287 1125 376 1184 modo
400 1125 493 1184 divisa
516 1129 598 1185 sunt:

566 1214 605 1272 31
632 1234 696 1290 epp.
720 1217 873 1272 ternorum
896 1212 1086 1272 distichorum

567 1305 607 1361 45
658 1347 671 1375 ,,
721 1302 859 1360 binorum
985 1347 996 1374 ,

566 1393 607 1450 36
658 1437 670 1462 ,
720 1391 904 1466 singulorum
986 1435 997 1461 ,

377 1481 499 1538 Praeter
526 1480 688 1538 Leonidam
715 1478 958 1550 Alexandrinum,
994 1479 1045 1554 qui
1077 1477 1244 1554 isopsephia
1271 1482 1389 1538 coactus
1417 1481 1462 1536 661

285 1589 354 1646 epp.
379 1569 503 1646 singulis
519 1569 567 1628 vel
591 1568 667 1628 binis
681 1567 814 1627 distichis
831 1567 1035 1642 determinare,
1058 1587 1144 1628 nemo
1161 1571 1206 1627 est
1222 1567 1302 1625 inter
1317 1567 1461 1642 epigram·

287 1657 428 1718 materies
452 1657 577 1717 alicuius
601 1657 795 1734 auctoritatis,
820 1657 873 1732 qui
895 1656 1035 1715 brevitati
1058 1655 1278 1733 epigrammatis
1300 1655 1343 1714 116
1365 1655 1461 1713 indul·

286 1750 356 1824 goat
377 1750 413 1806 ut
436 1746 580 1806 Palladas.
623 1745 658 1804 In
681 1746 852 1804 universum
876 1746 975 1804 omnia
997 1765 1063 1821 666.
1085 1745 1283 1806 recentiorum
1304 1748 1461 1820 poetarum

287 1835 433 1910 ampliora
455 1838 487 1892 61
510 1834 616 1893 1611616
640 1838 710 1896 6661
733 1853 821 1909 quam
846 1835 978 1910 exempla
1000 1835 1161 1910 proposita,
1188 1838 1219 1892 at
1241 1833 1376 1892 Pallados
1399 1853 1460 1893 sen-

286 1924 394 1982 1661166
418 1923 538 1999 quidem
562 1924 599 1981 ab
623 1923 687 1980 aliis
710 1925 852 1982 tractatas
875 1923 931 1980 sibi
954 1923 1099 1995 adsciscit,
1122 1923 1173 1982 sed
1196 1922 1308 1998 expolit
1329 1929 1360 1980 61
1381 1922 1462 1982 acuit

287 2031 344 2078 eas.
384 2011 624 2081 Quamobrem
647 2031 706 2071 non
729 2015 774 2070 cst
797 2011 1032 2071 contendendum
1051 2012 1202 2071 Palladem
1225 2011 1375 2070 imitatum
1399 2029 1460 2070 6666

286 2106 323 2166 61
350 2106 463 2160 6616166
490 2101 772 2177 epigrammatistas‚
804 2100 854 2160 sed
884 2100 994 2160 creavit
1022 2118 1098 2160 nova
1125 2100 1250 2159 artificia
1281 2117 1337 2158 ano
1367 2099 1460 2175 166166

243 2259 247 2267 .
286 2189 406 2266 ingenio
429 2209 464 2247 ex
486 2190 668 2266 argumentis
691 2210 709 2247 a
731 2189 881 2265 prioribus
904 2189 999 2265 poetis
1022 2190 1160 2265 acceptis.

377 2277 513 2336 Carmina
524 2279 566 2336 ob
581 2283 698 2338 661166
714 2278 932 2353 occasiones,
949 2278 1048 2353 qualia
1057 2277 1203 2337 Martialis
1213 2277 1361 2353 permulta
1371 2275 1459 2350 scrip·

284 2365 340 2440 611,
364 2371 395 2424 61
422 2366 591 2425 16661616
614 2366 701 2437 facta,
725 2367 825 2442 qualia
844 2367 973 2442 plurima
996 2367 1155 2426 Leonidam
1178 2365 1371 2424 Tarentinum
1394 2384 1459 2440 pro·

287 2454 391 2514 tulisse
415 2455 564 2514 coniciunt
586 2455 644 2514 viri
667 2455 761 2527 docti,
785 2455 863 2513 inter
885 2455 1023 2514 Palladae
1046 2476 1113 2532 epp.
1136 2456 1223 2530 plane
1246 2455 1329 2513 nulla
1350 2454 1459 2513 inveni-

286 2544 399 2602 untur.
434 2542 498 2612 Qua
521 2563 553 2602 16
577 2547 701 2619 6666161
729 2563 795 2620 666.
823 2544 999 2619 sepulcralia
1027 2547 1057 2603 et
1085 2542 1264 2602 dedicatoria
1291 2543 1458 2616 desiderari,

285 2635 322 2691 ut
344 2632 462 2691 omnino
485 2632 545 2692 illis
568 2632 752 2708 temporibus
776 2651 841 2708 epp.
869 2631 1019 2692 notionem
1045 2633 1271 2708 inscriptionum
1294 2631 1459 2690 amiserant.

286 2721 330 2778 lte
346 2741 415 2780 vera
430 2720 508 2797 apud
525 2722 701 2780 recentiores
717 2721 1060 2799 epigrammatographos
1076 2722 1172 2798 capita
1190 2740 1265 2796 epp,
1281 2739 1355 2796 quae
1371 2720 1460 2778 etiam

283 2809 429 2885 06616166
446 2810 575 2868 dividere
592 2816 714 2870 6666166
730 2815 801 2880 6161,
825 2810 955 2888 disiungi
970 2828 1028 2870 non
1051 2812 1110 2868 iam
1126 2814 1258 2887 possunt,
1282 2809 1333 2868 sed
1357 2827 1459 2868 eorum

288 2892 354 2973 666.
378 2901 448 2956 sunt
470 2898 546 2972 6616,
573 2899 604 2957 16
628 2899 798 2958 universum
831 2900 856 2958 si
883 2900 1091 2975 perspicimus,
1122 2899 1264 2974 sooptica,
1296 2898 1459 2975 epidictioa‚

284 2985 441 3044 -didaotica
487 2987 639 3062 Perpauca
661 2988 798 3046 Palladae
822 3008 902 3064 epp,
931 3008 1007 3064 quae
1034 2989 1110 3047 16161
1137 2987 1352 3046 anathematica
1379 2987 1458 3045 exhi·

288 3074 404 3148 bantur,
428 3094 493 3150 epp.
517 3075 569 3133 Vl.
595 3078 649 3150 60,
675 3077 729 3146 61,
754 3077 805 3135 85.
830 3079 900 3136 sunt
927 3097 992 3153 epp.
1020 3077 1195 3146 imitatoria,
1224 3094 1313 3151 quam
1337 3075 1374 3134 ob
1397 3095 1459 3134 rem

286 3163 398 3224 rectius
425 3163 502 3222 inter
526 3163 680 3239 epidictico
704 3184 769 3240 epp.
794 3165 927 3224 ducenda
950 3170 1028 3226 sunt.
1073 3163 1244 3242 Epitymbia
1266 3165 1344 3224 inter
1366 3165 1459 3223 Palla·

282 3251 341 3310 dae
370 3272 436 3327 666.
464 3271 523 3310 661
550 3254 756 3329 16661166161,
788 3273 855 3312 oum
884 3255 1022 3313 Palladae
1050 3274 1117 3331 epp.
1146 3254 1212 3313 VII.
1240 3254 1309 3312 libri
1335 3274 1395 3313 non
1422 3253 1459 3312 ad

285 3340 365 3399 huno
387 3340 496 3400 librum
519 3343 665 3416 pertinere
688 3343 747 3400 iarn
771 3361 860 3418 66616
884 3343 1134 3419 explicaverimus.

375 3429 524 3489 Nonnulla
551 3431 750 3507 sympotioa
778 3432 888 3492 secerni
911 3436 1035 3508 6666661
1066 3432 1118 3492 XI.
1148 3434 1202 3511 54,
1238 3435 1289 3506 55,
1317 3433 1367 3500 62,
1397 3427 1458 3499 56..

282 3537 413 3592 quorum
442 3519 542 3594 priora
571 3520 723 3579 sententiis
751 3520 974 3582 Anacreonticis
1002 3521 1069 3581 nixa
1096 3521 1290 3598 cogitationes
1317 3519 1353 3578 16
1381 3521 1459 3578 vitae

285 3606 417 3665 vanitate
440 3606 648 3667 intermiscent.
656 3603 680 3684 ¹)

375 3695 457 3752 16161
480 3715 545 3771 epp.
567 3697 679 3772 66166,
704 3717 779 3773 quae
803 3699 839 3756 ab
863 3692 1314 3778 6111661661166666611661611),
1337 3699 1459 3756 fortasse

282 3803 351 3860 epp.
376 3783 426 3841 IX.
456 3783 528 3842 174.
557 3789 587 3844 61
616 3786 689 3844 378.
718 3786 850 3862 6616616
877 3790 959 3857 6661,
992 3806 1118 3863 quorum
1147 3787 1295 3863 posterius
1321 3806 1392 3844 num
1420 3785 1460 3845 611

285 3872 457 3950 genuinum,
480 3872 604 3932 dubium
628 3891 690 3934 ease
714 3892 805 3950 supra
828 3876 1017 3935 ostendimus.

374 3963 498 4038 Magnae
509 3967 555 4022 661
569 3962 651 4021 16611
661 3964 809 4040 Palladae,
825 3963 905 4040 quod
916 3981 983 4040 epp.
998 3965 1148 4040 erotica,
1163 3965 1273 4024 nedum
1288 3965 1457 4040 paedera·

287 4050 377 4110 stica
399 4069 457 4109 non
481 4051 607 4128 scripsit.
640 4050 855 4128 Voluptatibus
878 4053 986 4112 amoris
1001 4049 1138 4113 Palladae
1161 4071 1219 4112 non
1235 4072 1321 4129 saepe
1343 4053 1459 4112 fructus

287 4157 349 4198 esse
359 4139 487 4211 videtur,
503 4140 553 4199 sed
570 4159 605 4199 eo
620 4142 715 4218 magis
732 4142 913 4218 gravionem
930 4141 1090 4202 domestico
1105 4141 1303 4218 premebatur.
1335 4140 1460 4200 Accedit

375 4345 451 4488 311.
470 4346 672 4403 Anacreontic.
692 4348 716 4400 6.
738 4347 782 4402 ed.
802 4348 905 4418 Bergk.
925 4349 955 4405 P.
975 4349 1008 4405 L.
1028 4348 1077 4404 (1.1

415 4416 605 4487 Vogelmann,
624 4417 721 4472 Ueber
738 4417 765 4474 d.
778 4418 885 4488 griech.
899 4419 998 4490 Epigr.
1017 4420 1045 4476 J.
1058 4421 1085 4476 J.
1101 4420 1179 4486 1840,
1197 4420 1222 4475 6.
1236 4419 1337 4490 Suppl.
1357 4437 1384 4490 p.
1397 4419 1458 4474 410.
