3372 5210
805 309 1021 366 -24-

351 523 354 528 -
442 480 507 546 lx..
528 486 600 544 tol.
717 482 719 579 1
806 481 868 544 ΧΙ.
894 486 967 545 261.

528 573 601 634 508.
894 575 966 632 273.

463 657 503 734 Χ,
527 665 587 722 33.-
894 664 967 722 279.

527 754 599 810 118.
893 755 967 811 281.

486 843 599 900 γινι.
662 905 667 915 ,
716 850 718 906 o
892 841 966 901 νιν.

333 947 336 969 =
438 927 500 989 XI.
525 930 576 990 oo.
893 931 972 991 nee.

752 1490 872 1586 Caput
899 1493 1068 1563 alterum.
1085 1513 1087 1516 ·
1106 1484 1109 1490 ’

786 1755 879 1836 Poro
911 1754 1027 1856 prior.

417 1899 478 2028 De
510 1931 715 2028 Palladoe
746 1933 795 2028 in
828 1931 1119 2029 Themistinm
1151 1933 1410 2031 invectione.

418 2141 565 2252 ’Ἀνιονος
588 2142 733 2232 ονρσνίης
755 2142 963 2240 οπερήμενος,
988 2142 1020 2220 ἐς
1042 2145 1154 2208 πόθον
1177 2135 1277 2230 ἦλθες

470 2230 604 2318 ἄντυγος
626 2233 783 2321 ἄργυρίης·
808 2241 917 2325 αἶσχος
940 2231 1130 2319 ἀπειρέσιον.

424 2313 514 2406 ἦσθά
537 2346 618 2387 ποτε
642 2328 795 2409 κρείσσων·
820 2314 970 2399 αὐθιςδ’
994 2320 1099 2404 ἐγένου
1122 2321 1207 2387 πολὺ
1232 2329 1350 2422 χείρων.

470 2410 562 2498 Δεῦρ
585 2409 728 2498 σνοὶβηθι
751 2413 848 2476 toleto·
874 2412 927 2475 νῦν
950 2412 1011 2495 γάρ
1036 2407 1100 2474 ἄνευ
1123 2416 1264 2502 κοιτέβης.

406 2577 479 2637 llis
484 2577 609 2654 spinosis
631 2578 773 2649 versibuS‚
797 2578 851 2652 qui
874 2578 1047 2636 exstentA.
1066 2577 1099 2635 P.
1122 2577 1173 2637 XI.
1191 2580 1264 2636 292.
1267 2571 1490 2655 ,epigramma-

314 2667 409 2726 tarius
448 2668 569 2742 quidam
607 2667 756 2725 bominem
794 2666 932 2813 aggredit
931 2685 980 2735 ur,
1020 2665 1071 2742 qui
1100 2623 1284 2726 descenderit
1311 2659 1346 2726 de
1379 2688 1493 2728 sunnmo

316 2756 463 2831 sapientia
485 2775 607 2815 munere
631 2759 750 2832 ooeepto
774 2756 804 2812 in
831 2755 875 2814 vit
876 2775 924 2812 am
951 2754 1111 2830 publicam.
1158 2756 1192 2813 ln
1221 2775 1309 2832 quem
1336 2757 1493 2817 invehatur

315 2845 392 2902 illud
416 2865 460 2920 ep.
485 2849 569 2940 soopt
569 2846 647 2903 ioum
673 2849 702 2903 et
725 2865 741 2903 a
765 2862 824 2920 quo
848 2844 991 2918 seriptum
1015 2843 1065 2915 sit,
1093 2863 1171 2903 nune
1194 2845 1278 2904 nobis
1307 2850 1351 2905 est
1378 2849 1492 2908 enucle-

315 2933 433 2990 andum.
1319 2953 1321 2962 ‘

404 3021 564 3080 Primum
588 3041 838 3097 componamus
862 3022 993 3094 fonteS‚
1021 3022 1215 3097 exquibus
1243 3023 1345 3082 nobis
1373 3026 1491 3084 hauri-

315 3111 441 3170 endum
466 3114 526 3170 est.

403 3226 524 3284 Lemma
546 3226 635 3286 huius
659 3247 704 3304 ep.
727 3227 812 3287 inP.
837 3229 892 3287 hoo
908 3231 964 3287 est:
988 3219 1090 3296 εἷςΐιν
1114 3220 1254 3307 φιλοσσῲ
1273 3197 1368 3303 γενόῇ
1402 3209 1492 3305 'binah

315 3309 483 3386 πολεως)
472 3307 529 3374 ε’πι
561 3310 766 3374 Βαλεννινιαν
798 3313 852 3376 καὶ
883 3311 1057 3386 nolanos:
1084 3350 1119 3380 Ν
1144 3308 1315 3386 Παλλσὸἇ,·
1347 3317 1490 3393 seriptum

315 3409 360 3463 est
347 3401 635 3479 toseribeB‚t
599 3410 635 3464 ut
658 3407 755 3464 omnio
779 3427 844 3483 epp.
869 3407 957 3465 huius
980 3405 1058 3466 libri.

404 3495 447 3552 Pl.
471 3494 523 3551 Il
539 3495 613 3552 29:
639 3489 801 3554 Hellade·
824 3489 869 3567 εἷς
886 3496 939 3571 {lep
940 3494 1050 3554 ιίσιιον
1065 3491 1120 3556 τὸν
1136 3490 1312 3576 φιλόσοφον
1327 3475 1491 3573 γενόμενον

314 3573 461 3661 ι’παρχον
491 3578 899 3655 Κιονσιανιινονπόλειος’
886 3603 941 3642 επι
960 3577 1221 3646 Οοσλενιινιανοῦ
1236 3605 1290 3645 κοι
1280 3577 1490 3654 Οοάλεντος.

403 3671 493 3730 sohel.
510 3671 625 3733 Weoha
650 3693 679 3732 οι
670 3667 737 3730 ίὄε
759 3688 856 3776 φασιν
882 3672 1047 3748 θεμίστιον
1071 3668 1168 3733 αὐτὸν
1191 3668 1237 3743 εἰς
1259 3667 1372 3732 ἑαυτὸν
1395 3691 1489 3732 ιοοιο

314 3759 534 3840 πεποιηκέναι,
562 3753 615 3820 σ’τε
638 3754 785 3841 ὕπαρχον
809 3752 906 3819 αυτὸν
928 3754 1075 3840 ἑποιησεν
1095 3754 1310 3830 Ἰουλιανὸςὸ
1333 3756 1488 3837 βασιλεις.

402 3849 501 3909 Editio
524 3851 634 3909 Aldine
657 3845 842 3925 Themistiil)
865 3853 933 3907 ante
955 3868 1044 3924 opera
1060 3849 1216 3908 Themistii
1230 3849 1307 3907 inter
1321 3849 1490 3906 testimonia

314 3938 466 4014 scriptoris
488 3939 544 3999 hoe
567 3960 612 4015 ep.
636 3939 755 3997 exhibet
778 3959 801 3998 e.
825 3940 843 3996 l.
877 3936 1043 4012 θεμισιίοσ
1075 3936 1176 4011 στίχοι
1204 3929 1249 4006 εἷς
1276 3929 1403 4008 ἑαυτὸν,
1439 3928 1488 3996 ὅτι

314 4017 461 4107 ὕπαρχον
474 4020 582 4086 ἀὐτὸν
605 4020 750 4107 ἐποίησεν
773 4020 791 4084 ὁ
814 4019 960 4103 βασιλεὺς
983 4017 1165 4096 Ἰουλιανός.
1338 4029 1341 4040 ¹

402 4118 560 4176 Praeterea
573 4117 629 4174 hoc
640 4136 686 4191 ep.
695 4117 725 4173 in
738 4115 887 4173 nonnullis
903 4114 1098 4176 bibliothecae
1111 4115 1487 4176 Medioeae·Leurentianoe

405 4342 424 4410 ¹)
455 4339 560 4394 Omnia
579 4340 731 4394 Themistii
751 4357 881 4410 operae.
904 4343 980 4398 1534.
1019 4343 1165 4409 Venetiis,
1195 4343 1225 4394 in
1245 4340 1306 4395 aed.
1332 4338 1491 4393 haeredunn

314 4411 385 4465 Aldi
403 4411 539 4466 Manutii.
