3372 5210
672 1235 791 1332 Caput
818 1239 989 1332 primum.

777 1415 884 1424 -ψ

310 1666 312 1672 ,
356 1532 416 1630 De
449 1533 780 1654 epigrammatis
812 1535 1018 1634 Palladae
1049 1535 1311 1635 tribuendis.

334 1753 400 1811 Uno
429 1755 550 1827 excepto
579 1753 676 1810 omnia
704 1755 834 1812 carmina
860 1755 999 1814 Palladae
1027 1757 1057 1814 in
1086 1757 1256 1834 anthologia
1283 1756 1421 1815 Palatina

246 1843 277 1899 et
299 1841 330 1898 in
353 1839 523 1917 anthologia
546 1840 665 1898 Maximi
688 1841 832 1900 Planudis
856 1846 925 1901 sunt
947 1844 1065 1904 tradita.
1110 1845 1295 1921 Quamquam
1319 1844 1418 1904 Stadt·

245 1924 402 2004 muelrerl)
431 1928 600 1988 certissimis
628 1929 810 2007 argumentis
838 1930 1052 1990 demonstravit
1074 1933 1258 1990 Planudeam
1286 1952 1320 1990 ex
1344 1932 1419 1991 (ion-

244 2018 366 2078 stantini
389 2017 534 2094 Cephalus
567 2017 737 2095 anthologia
764 2038 909 2092 manasse,
941 2023 1041 2078 tamen
1068 2020 1099 2078 in
1126 2021 1172 2079 his
1197 2020 1420 2080 collectionibus

244 2108 385 2166 lemmata
417 2111 572 2166 auctorum
600 2107 643 2166 ita
670 2106 751 2187 inter
771 2126 801 2166 se
824 2108 1016 2181 dissentiunt,'
1048 2113 1083 2168 ut
1105 2110 1263 2185 utriusque
1288 2110 1419 2186 syllegae

244 2196 385 2254 lectiones
408 2195 493 2254 nobis
515 2195 715 2271 respiciendae
740 2197 806 2256 sint.

334 2283 499 2342 Auctorum
524 2285 642 2342 nomina
663 2286 695 2343 in
717 2286 801 2345 libris
825 2305 873 2344 sex
896 2287 1045 2362 prioribus
1066 2287 1253 2364 anthologiae
1269 2286 1420 2346 Palatinae

246 2392 305 2448 quo
328 2363 421 2432 modo'
444 2372 554 2431 tradita
581 2374 652 2448 sint,
684 2376 720 2432 ut
750 2374 971 2451 intellegamus,
1005 2379 1084 2434 certo
1117 2376 1309 2434 fundamento
1341 2394 1420 2434 nuno

221 2462 370 2520 nitimur
389 2461 611 2521 Stadtmuelleri
635 2461 771 2522 editionis
795 2462 983 2540 anthologiae
1000 2463 1127 2522 Graecae
1150 2463 1308 2521 admodum
1332 2482 1419 2522 aecu-

244 2555 326 2610 ratae
358 2551 454 2626 primo
487 2543 678 2632 volumine.2)
725 2551 903 2610 collationes
932 2552 1097 2610 multorum
1126 2571 1191 2627 epp.
1215 2551 1420 2627 posteriorum

244 2641 390 2700 librorum
421 2639 500 2698 idem
536 2640 583 2700 vir
614 2640 719 2700 doetus
752 2640 848 2698 adfert
880 2639 917 2698 ad
947 2634 1076 2713 tabulas,
1108 2659 1182 2716 quas
1215 2639 1421 2715 Weisshaeupl
1535 2711 1561 2725 Ι.

245 2721 452 2805 composuit.⁸)
487 2729 559 2788 Eius
582 2729 676 2804 partis
701 2728 808 2788 codicis
828 2725 966 2804 Palatini,
991 2749 1066 2806 quae
1082 2729 1219 2788 Lutetiae
1235 2725 1419 2788 Parisiorum

246 2818 349 2877 relicta
372 2820 430 2892 est,
463 2817 580 2876 tabulae
605 2821 667 2876 arte
696 2819 932 2894 photographica
961 2837 1112 2894 expressae
1135 2817 1208 2875 mihi
1230 2818 1261 2875 in
1284 2817 1420 2876 manibus

247 2908 337 2974 erant
389 2905 515 2980 Reliqua
548 2906 646 2964 omnia
676 2906 816 2964 lemmata
846 2907 985 2965 Palladae
1018 2907 1265 2985 epigrammatum
1298 2905 1419 2964 Heidel-

246 2995 354 3071 bergae
368 2994 432 3070 ipse
449 2993 568 3052 contuli.
599 2994 644 3052 De
659 2995 809 3053 nonnullis
831 2995 986 3067 lemmatis,
1012 3015 1087 3070 quae
1111 3015 1128 3053 a
1152 2996 1261 3070 quibus
1284 2995 1420 3053 manibus

246 3085 357 3159 scripta
389 3083 465 3156 sint,
503 3082 638 3142 omnibus
675 3104 727 3159 per
762 3083 851 3142 breve
883 3086 1002 3159 tempus
1035 3083 1164 3142 codicem
1198 3081 1420 3157 inspicientibus

247 3173 366 3232 difficile
399 3176 444 3232 est
476 3171 650 3245 diiudicare,
683 3171 894 3231 Stadtmueller
926 3171 1060 3248 epistulis
1089 3191 1135 3229 me
1159 3171 1314 3231 certiorem
1339 3169 1420 3228 fecit.

245 3263 328 3322 Idem
357 3261 404 3322 rir
431 3256 538 3320 doctus
566 3261 638 3319 mihi
667 3261 838 3320 collationes
862 3259 1039 3338 autographi
1061 3259 1204 3319 Planudis
1227 3258 1365 3335 praebuit
1389 3261 1420 3317 et

247 3371 307 3427 quo
330 3351 432 3409 ordine
455 3347 600 3409 Palladae'
620 3370 686 3427 epp.
710 3352 765 3409 hoo
789 3350 820 3408 in
843 3350 942 3409 codice
966 3350 1109 3410 collocata
1135 3349 1205 3423 sint,
1238 3367 1285 3405 me
1310 3347 1420 3406 docuit.

247 3440 303 3500 Oui
325 3439 389 3498 viro
414 3439 597 3513 doctissimo,
621 3459 708 3516 quem
732 3439 911 3499 Rubensohn
934 3439 1040 3498 merito
1063 3439 1188 3497 alterum
1213 3437 1420 3512 sospitatorem

247 3526 434 3602 anthologiae
454 3525 581 3585 Graecae
605 3523 779 3607 appellat4),
803 3548 858 3604 pro
882 3547 935 3587 sua
958 3548 1029 3606 erga
1051 3548 1097 3586 me
1122 3526 1258 3586 comitate
1282 3529 1311 3584 et
1332 3525 1418 3608 bene·

246 3615 379 3675 volentia
402 3615 512 3692 gratias
535 3615 591 3674 hoc
614 3634 732 3691 quoque
755 3616 820 3674 loco
844 3616 950 3674 refero.

338 3703 413 3762 Cum
429 3703 490 3762 sine
505 3703 568 3761 ulla
583 3703 767 3762 dubitatione
784 3703 1007 3762 Stadtmuelleri
1030 3703 1060 3760 in
1083 3702 1209 3760 editione
1232 3700 1422 3776 anthologiae

248 3792 376 3852 Graecae
393 3790 536 3866 omnibus,
561 3791 720 3868 quibusda
744 3811 811 3867 epp.
828 3790 946 3850 Graecis
967 3791 1024 3849 erit
1046 3790 1242 3861 tractandum,
1265 3788 1421 3847 nitendum

337 3984 358 4054 1)
376 3983 465 4038 Anth.
486 3980 535 4036 Gr.
555 3981 644 4052 praef.
664 3999 691 4050 p.
704 3980 812 4035 XXIII
822 3997 882 4050 sqq.

337 4054 357 4125 ²)
377 4053 504 4109 Secundi
523 4052 681 4108 voluminis
699 4053 780 4124 prior
798 4051 954 4106 fasciculus
967 4050 1122 4121 septimum
1139 4049 1246 4103 librum
1266 4048 1344 4102 anth.
1358 4047 1420 4100 Pal.

248 4125 401 4180 continens
440 4125 532 4179 ublioi
551 4125 623 4179 iuris
641 4125 734 4179 factus
753 4130 808 4192 est,
835 4127 990 4194 postquam
1010 4122 1086 4176 hanc
1108 4120 1338 4176 dissertationem
1363 4135 1421 4171 am-

248 4197 380 4268 plissimo
398 4144 513 4267 pliiloso
535 4197 638 4251 horum
658 4195 753 4250 ordini
771 4195 919 4266 Lipsiensi
937 4194 1084 4265 proposui.
1188 4263 1194 4274 ·

162 4279 163 4282 ’
337 4267 357 4338 ³)
376 4267 434 4322 Die
453 4215 669 4337 Grahgedichte
688 4267 740 4322 der
757 4266 865 4336 griech.
879 4266 1001 4322 Anthol.
1032 4265 1108 4319 Acta
1125 4278 1258 4317 seminar.
1277 4259 1421 4315 archaeol.

248 4338 486 4481 epigr.4)VIi3ndqp,
497 4339 667 4465 &38inOE
687 4338 936 4464 qqunotationes
954 4355 982 4408 p.
997 4336 1048 4392 107
1067 4333 1189 4388 additas.

403 4428 477 4481 ·P·
536 4455 542 4466 ·
651 4429 678 4480 P·
755 4427 815 4480 sqq·
