3372 5210
700 307 921 366 „47-

222 488 318 544 morte
342 505 357 543 e
380 485 505 544 vinculis
533 483 664 561 corporis
692 485 819 544 solutam
847 484 885 542 ad
912 485 1001 544 deum
1032 485 1230 543 immortalem
1262 484 1400 562 refugere

222 574 311 646 dicit,
354 593 444 650 quam
482 575 519 632 ob
557 593 620 632 rem
662 593 716 650 pro
757 574 858 650 spurio
896 573 1064 632 habendum
1100 592 1162 634 esse
1194 591 1284 650 supra
1315 593 1344 649 p.
1370 575 1399 633 9.

222 663 413 722 ostendimus,

313 751 449 821 Quibus
472 751 579 811 rebus
603 752 761 828 cognitis
785 751 968 810 Palladem
993 771 1059 811 non
1083 751 1198 811 fuisse
1222 750 1399 811 Christia-

221 859 303 900 num
325 840 428 900 nobis
450 841 647 917 putandum
670 845 732 900 est.

654 1247 775 1342 Caput
801 1248 965 1320 tertium.

538 1475 599 1573 Ile
632 1398 1085 1596 syllofflalladana.

311 1695 449 1765 Quaestio
482 1695 519 1752 ad
546 1714 635 1770 quam
664 1683 871 1753 absolvendam
898 1714 977 1754 nunc
1004 1693 1182 1764 accedimus,
1211 1713 1340 1770 quanam
1367 1695 1399 1752 in

224 1805 290 1861 epp.
322 1783 492 1842 collectione
516 1783 655 1842 Palladac
684 1803 751 1860 epp.
777 1786 897 1858 recepta
929 1783 999 1854 sint,
1033 1782 1165 1842 omnium
1197 1783 1278 1842 baud
1310 1783 1398 1842 dubie

220 1873 396 1951 gravissima
419 1875 464 1932 est
496 1872 636 1931 historiae
668 1892 733 1948 epp.
766 1870 960 1947 Graecorum,
994 1891 1070 1948 quae
1107 1871 1192 1931 nobis
1230 1872 1400 1932 tractandae

223 1965 301 2022 sunt.
361 1961 434 2020 (lum
466 1958 607 2020 Palladas
638 1961 774 2019 floruerit
808 1961 886 2019 inter
918 1951 1093 2038 Diogeniani
1130 1961 1333 2038 anthologium
1372 1964 1401 2020 et

220 2051 365 2128 Agathiae
390 2051 514 2126 cyclum,
537 2050 626 2108 buius
650 2050 785 2109 collectio
813 2070 873 2108 una
899 2053 956 2120 est,
984 2051 1015 2107 in
1045 2069 1134 2125 quam
1167 2069 1233 2124 epp.
1261 2050 1399 2108 Pallados

221 2140 309 2198 inseri
332 2143 508 2216 potuerunt,
531 2139 589 2198 nisi
610 2145 751 2214 putamus
779 2138 982 2198 collectionem
1011 2157 1075 2214 epp.
1104 2138 1241 2196 Pallados
1269 2139 1401 2197 solorum

222 2226 411 2288 Constantino
435 2223 581 2304 Cephalae
604 2228 635 2285 in
657 2228 792 2286 manibus
815 2226 919 2302 fuisse,
948 2247 983 2286 ex
1011 2247 1070 2302 que
1096 2226 1147 2284 ille
1171 2227 1308 2285 Palladae
1332 2247 1400 2304 epp.

220 2318 252 2374 in
268 2317 468 2394 anthologiam
484 2318 587 2391 Pelet,
604 2336 693 2392 quam
710 2317 885 2391 composuit,
901 2317 1094 2376 transtulerit.
1123 2315 1199 2373 Nam
1216 2316 1399 2393 syllogarum

221 2405 377 2477 minorum,
399 2399 1015 2485 quasWeigandpraetereaenumerat1),
1039 2403 1152 2463 nullam
1173 2405 1232 2464 buc
1252 2406 1400 2481 pertinere

220 2495 298 2554 infra
329 2495 546 2570 explicabimus.
597 2493 681 2553 Hanc
709 2494 922 2570 quaestionem,
952 2513 1110 2570 quamnam
1137 2494 1168 2552 in
1198 2494 1399 2572 anthologiam

218 2583 330 2644 inserta
352 2583 465 2642 fuerint
488 2603 553 2660 epp.
574 2583 721 2656 Palladae,
744 2583 802 2643 viri
823 2583 905 2642 docti
929 2584 1023 2642 adhuc
1047 2602 1141 2659 paene
1165 2583 1249 2643 siccis
1271 2583 1397 2659 pedibus

220 2672 416 2731 transilientes
439 2673 489 2730 alii
513 2692 579 2748 epp.
603 2668 741 2730 Palladae
764 2673 795 2729 in
819 2673 902 2748 cyclo
925 2672 1071 2750 Agatbiee
1102 2675 1219 2747 recepte
1247 2690 1321 2745 esse,
1350 2671 1401 2730 alii

218 2761 422 2820 collectionem
450 2781 515 2837 epp.
544 2761 683 2820 Palladae
715 2761 867 2837 propriam
899 2779 993 2836 usque
1026 2761 1064 2818 ad
1096 2759 1239 2836 Cephalae
1271 2763 1398 2818 aetatem

219 2853 365 2909 servatam
388 2869 449 2910 esse
471 2851 625 2926 putabant.

307 2939 415 2998 Jacobs
438 2940 553 3015 primus
577 2940 651 2998 hanc
674 2958 792 3016 quoque
817 2938 1017 3016 quaestionem
1038 2938 1138 2997 adiens
1159 2941 1281 3014 propter
1295 2939 1398 3016 longas

217 3045 285 3103 epp.
307 3024 449 3086 Palladae
473 3028 562 3087 series
585 3028 675 3087 nullis
699 3028 825 3087 aliorum
852 3031 1007 3105 poetarum
1024 3021 1100 3104 epp.
1128 3027 1303 3088 intermixtis
1331 3046 1398 3086 con-

220 3110 320 3197 iecit2)
353 3117 556 3175 collectionem
588 3117 734 3176 exstitisse
763 3137 830 3195 epp.
853 3116 992 3176 Pullariae
1016 3116 1117 3186 unius,
1142 3136 1231 3192 quam
1254 3116 1398 3192 Agathias

218 3224 278 3264 non
305 3206 510 3281 excerpsisset‚
538 3207 629 3264 immo
657 3225 727 3266 vero
760 3226 824 3264 eam
857 3207 969 3266 diutius
997 3208 1141 3264 servatam
1170 3205 1311 3264 mansisse
1339 3205 1397 3263 alio

215 3292 283 3352 loco
307 3287 460 3375 censuit.⁸)

308 3382 398 3442 Cuius
435 3383 609 3442 sententiam
640 3383 789 3460 Weigand
811 3385 830 3443 l.
860 3385 879 3443 l.
913 3380 1067 3442 exsecutus
1094 3381 1126 3439 in
1153 3381 1256 3458 primis
1285 3380 1397 3442 scholio

218 3489 266 3546 ep.
289 3471 356 3531 VII.
382 3473 453 3531 339.
478 3473 563 3531 nixus
585 3473 657 3530 item
680 3477 770 3550 negat
793 3492 859 3548 epp.
882 3469 1023 3530 Pullariae
1047 3489 1115 3530 cum
1138 3470 1284 3548 Agathiae
1313 3470 1396 3547 cyclo

218 3560 375 3620 coniuncta
398 3579 468 3620 esse.

308 3643 424 3720 Quibus
439 3649 529 3710 rebus
545 3649 734 3710 consideratis
749 3650 867 3709 Heclrer
883 3668 1001 3726 quoque
1017 3649 1036 3707 l.
1051 3649 1070 3708 l.
1086 3669 1115 3726 p.
1127 3650 1178 3708 26.
1194 3648 1397 3709 collectionem

221 3756 286 3813 epp.
318 3738 456 3797 Palladue
488 3739 634 3798 exstitisse
667 3738 856 3814 existimavit,
890 3729 974 3798 cuius
1006 3739 1148 3797 maiorem
1180 3742 1295 3815 partem
1330 3758 1395 3814 epp.

217 3826 349 3886 irrisoria
372 3829 530 3904 explerent.
573 3828 663 3897 ‘Quod
691 3828 890 3905 probaverunt
918 3827 1033 3887 Finsler
1055 3828 1075 3887 l.
1098 3828 1118 3885 l.
1141 3847 1171 3903 p.
1196 3828 1230 3898 5,
1257 3826 1397 3884 Duebner

219 3915 263 3973 ed.
286 3916 378 3992 praef.
401 3917 458 3976 vol.
482 3913 507 3990 I,
529 3938 558 3992 p.
573 3917 652 3974 XIX.
677 3918 780 3994 adnot;
804 3917 935 3976 Wolters
958 3917 1012 3974 Rh.
1028 3916 1068 3974 M.
1086 3917 1136 3990 38,
1160 3935 1189 3990 p.
1207 3915 1279 3985 103,
1303 3913 1396 3973 Sako-

219 4003 323 4063 lowski
346 4005 367 4064 l.
389 4006 409 4063 l.
432 4026 460 4082 p.
487 4007 537 4081 64,
561 4005 594 4066 L.
611 4005 963 4084 Schmidt-Reitzenstein,
983 4003 1269 4084 Paulyi-Wissowae
1285 4003 1396 4078 encycl.

214 4111 238 4152 a
260 4113 289 4154 r.
312 4093 501 4172 Anthologia.

305 4263 326 4367 ε)
481 4265 678 4391 aas

307 4338 328 4477 el
347 4352 587 4463 sibii'ai'uea
606 4379 694 4464 latei.
709 4409 731 4464 1.
753 4409 844 4478 (1816)
862 4427 890 4480 p.
905 4409 965 4464 aee.
