3372 5210
770 301 989 359 ..42-

290 481 492 556 inveniuntur,
508 480 660 560 Byzantiis
677 479 868 555 temporibus,
893 497 968 555 quae
983 481 1136 548 vocantur,
1155 478 1185 536 in
1201 497 1288 539 usum
1304 473 1464 559 veniunt.²)

292 571 407 641 Quibus
422 571 458 630 de
475 570 570 630 causis
585 587 671 628 nemo
686 571 791 645 poetae
807 587 913 627 nomen
929 561 1101 638 Παλλαὸἆς
1116 567 1207 627 fnisse
1230 569 1330 645 neget.
1355 568 1467 628 Tamen

292 659 467 731 Salmasius,
492 658 604 733 Sarius,
627 657 745 723 Reiske‚
769 651 917 734 Heckerffl
942 676 976 716 ex
996 675 1041 732 ep.
1057 655 1108 714 IX.
1126 657 1200 715 380.
1224 658 1254 715 et
1281 657 1391 716 scholio
1414 658 1466 716 ad·

290 748 388 826 posito
411 749 598 808 coniecerunt
622 765 728 806 nomen
745 746 837 805 fuisse
859 743 1036 805 Palladium.
1075 745 1117 804 Ut
1139 745 1196 805 hoc
1219 765 1265 822 ep.
1288 765 1320 804 re
1343 766 1412 806 vera
1428 747 1465 805 sd

290 841 424 897 nostrum
440 839 560 913 poetam
575 835 731 912 pertineat,
747 839 846 894 temen
861 835 1015 894 nominum
1030 834 1227 910 discrepantia
1249 835 1331 894 nulla
1354 835 1412 894 alie
1433 855 1466 894 re

291 927 435 986 declarari
457 928 565 1003 potest,
588 925 644 984 nisi
668 925 747 1000 quod
771 924 860 983 huius
875 944 920 1001 ep.
937 927 1047 996 auctor,
1072 923 1194 983 cumin
1217 942 1306 984 versu
1320 924 1466 1000 dactylico

291 1015 388 1073 forma
412 1007 594 1087 Παλλαόἆς,
617 1017 653 1072 ut
675 1017 720 1073 est
742 1013 880 1086 creticus,
903 1013 950 1071 uti
972 1031 1029 1072 non
1052 1012 1196 1089 potuerit,
1219 1031 1327 1072 nomen
1348 1017 1465 1072 mutare

291 1107 411 1164 coactus
434 1107 487 1163 est.
533 1102 609 1162 (lum
630 1121 738 1162 nomen
752 1099 906 1162 Palladius
929 1102 1027 1161 multo
1049 1101 1189 1161 usitatius
1212 1105 1289 1162 esset
1309 1133 1348 1144 -
1364 1102 1464 1161 Fabri·

291 1194 363 1265 cius,
385 1192 456 1251 bibl.
474 1191 523 1251 Gr.
539 1192 641 1268 plures
664 1191 879 1268 quinquaginta
903 1193 1116 1250 enumerat-
1131 1190 1248 1250 facilius
1269 1190 1334 1249 fieri
1356 1192 1464 1268 potuit,

290 1285 325 1340 ut
348 1281 473 1352 scribae,
498 1281 551 1357 qui
572 1282 711 1340 lemmata
739 1280 819 1340 anth.
843 1281 907 1339 Pal.
931 1283 962 1339 et
984 1280 1030 1338 Pl.
1054 1279 1225 1352 exarabant,
1253 1279 1424 1339 aberrarent
1448 1300 1465 1338 a

290 1371 412 1429 Pallada
439 1370 477 1428 ad
505 1369 685 1442 Palladium,
717 1389 808 1445 quam
836 1369 899 1428 vice
926 1387 1011 1428 versa
1033 1388 1051 1426 a
1070 1368 1204 1427 Palladio
1237 1368 1273 1427 ad
1301 1369 1464 1428 Palladem.

289 1456 395 1536 Itaque
424 1478 499 1535 quae
528 1459 645 1518 Heclrer
667 1458 688 1516 l.
712 1459 732 1516 l.
755 1478 784 1534 p.
810 1460 861 1516 26.
885 1458 987 1517 sensit:
1014 1476 1121 1516 nomen
1144 1457 1272 1515 Palladii
1295 1458 1360 1516 aevi
1382 1459 1464 1518 illius

290 1567 372 1607 more
386 1548 417 1606 in
428 1541 601 1618 Παλλαόοἷς
611 1551 785 1623 corruptum
796 1565 866 1619 esse,
882 1547 1079 1606 convertenda
1088 1550 1170 1606 sunt:
1186 1565 1292 1604 nomen
1302 1547 1464 1624 genuinum

289 1640 395 1713 poetae
421 1639 484 1696 erat
508 1636 658 1707 PalladaS,
692 1636 772 1712 quod
796 1656 842 1712 ep.
865 1636 916 1694 IX.
941 1637 1015 1694 380.
1042 1636 1167 1695 fortasse
1199 1639 1323 1712 propter
1345 1655 1464 1696 causam

288 1726 442 1786 metricam
458 1727 490 1784 in
505 1725 656 1784 Palladius
671 1727 876 1801 permutatum
893 1728 945 1785 est.
978 1723 1146 1800 Utrumque
1162 1743 1267 1783 nomen
1284 1744 1465 1801 quamquam

289 1835 323 1872 ex
355 1814 457 1873 eodem
483 1815 573 1874 verbo
602 1815 767 1873 derivatum
791 1818 849 1886 est,
881 1833 916 1872 ex
943 1807 1169 1888 Πολλοίόιονῧ),
1201 1815 1299 1872 tumen
1332 1814 1409 1872 inter
1435 1832 1465 1872 se

288 1906 491 1980 permutatum
524 1921 586 1962 esse
615 1903 755 1978 exemplis
787 1921 845 1960 non
878 1903 1034 1978 probatur,
1066 1905 1103 1960 ut
1129 1903 1249 1962 nomina
1275 1895 1403 1974 Λουκᾶς
1435 1905 1465 1961 et

288 1987 426 2062 Λούκιος
449 2011 543 2068 aequo
567 1992 654 2051 modo
678 1992 768 2050 ducta
791 1991 850 2050 duo
865 1992 987 2050 diversa
1010 1991 1129 2050 nomina
1148 1994 1226 2050 sunt.
1271 1989 1380 2069 Itaque
1396 2010 1464 2068 pro·

288 2081 356 2157 pius
387 2081 425 2139 ad
457 2081 614 2140 veritatem
647 2081 783 2140 accedere
815 2098 869 2139 nos
901 2083 1042 2156 putamus
1074 2081 1250 2140 conicientes
1281 2081 1337 2140 boc
1361 2100 1406 2156 ep.
1433 2081 1464 2138 in

288 2168 457 2229 Palladium
488 2173 607 2246 poetam
639 2170 787 2246 quendam
819 2169 965 2246 scriptum
998 2188 1073 2244 esse,
1106 2169 1183 2228 inter
1211 2187 1285 2245 quos
1310 2169 1462 2228 Fabricius

287 2259 444 2317 nonnullos
460 2262 564 2333 poetas
580 2259 610 2316 in
627 2261 760 2336 catalogo
777 2261 937 2318 enumerat.
961 2258 1091 2333 Accedit,
1109 2258 1189 2334 qnod
1204 2277 1310 2318 nomen
1325 2258 1464 2316 Pallados
1572 2284 1574 2288 ’

289 2365 348 2406 non
375 2346 464 2405 modo
496 2348 754 2424 epigrammatario
782 2351 897 2418 nostro,
922 2347 974 2406 sed
1005 2347 1092 2406 etiam
1121 2347 1172 2406 alii
1204 2347 1321 2406 cuidam
1343 2347 1463 2422 homini,

289 2435 466 2511 mechanico,
483 2436 585 2494 datum
602 2440 654 2510 est,
671 2455 760 2512 quem
775 2437 892 2494 Tnetzes
909 2429 1101 2515 enumeratf)
1124 2437 1251 2512 Itaque
1268 2430 1445 2495 Παλλαὸἇ
1450 2453 1468 2506 ς

288 2543 421 2584 nomen·
436 2524 830 2602 epigrammatographi
852 2525 965 2606 fuisse
989 2525 1182 2583 tenendum
1205 2528 1268 2584 est.

379 2613 443 2683 Qua
470 2633 502 2671 re
540 2633 639 2674 omncs
671 2615 853 2684 refutantur,
887 2613 939 2690 qui
971 2613 1266 2690 epigrammatarium
1298 2633 1367 2673 cum
1399 2613 1464 2673 aliis

289 2702 430 2761 Palladiis
466 2703 644 2780 coniungere
677 2702 773 2762 conati
802 2705 884 2777 sunt,
918 2702 1093 2778 quibuscum
1121 2703 1195 2760 nibil
1233 2706 1277 2762 est
1310 2722 1466 2762 commune

289 2795 389 2852 nostro
421 2792 478 2850 nisi
506 2795 585 2852 aetas
608 2795 667 2850 ¹sut
694 2792 804 2867 patrie;
836 2795 872 2850 ut
900 2810 1126 2850 commemorem
1154 2791 1306 2850 Reiskinm
1334 2793 1464 2870 cogitare

289 2880 325 2937 de
341 2880 463 2938 Pallada
486 2882 613 2954 rhetore,
638 2881 722 2940 cuius
739 2881 879 2939 Libanius
894 2880 924 2938 in
941 2881 1076 2956 epistulis
1096 2881 1275 2939 mentionem
1291 2881 1370 2954 feeit,
1393 2881 1466 2940 alios

288 2968 501 3043 praetermitto

379 3057 474 3115 Semel
484 3057 622 3116 Palladee
639 3077 801 3134 cognomen
811 3051 869 3115 τοῦ
884 3052 1041 3138 μετεώρου
1057 3058 1160 3117 datum
1177 3062 1222 3118 est
1237 3059 1269 3116 in
1278 3058 1463 3133 ep.IX.528.

287 3146 438 3204 lemmate:
478 3140 633 3204 Παλλαόἇ
661 3141 718 3205 τοῦ
741 3141 910 3225 μετεώρου.
961 3146 1047 3216 Quod
1073 3166 1180 3206 nomen
1209 3146 1281 3222 quid
1311 3146 1466 3223 significet,

287 3234 385 3293 adhuc
408 3235 551 3294 declarari
566 3254 624 3294 non
647 3229 787 3312 potuit.⁶)
821 3235 919 3294 Verbo
942 3234 1098 3315 μετέωρος
1118 3237 1174 3296 hoc
1196 3237 1261 3294 loco
1276 3254 1335 3295 non
1358 3253 1464 3294 nomen

287 3325 457 3400 proprium,
486 3325 611 3384 fortasse
634 3344 739 3384 nomen
764 3324 857 3401 patris
881 3327 985 3400 poetae
1009 3325 1133 3402 exprimi
1157 3345 1191 3384 ex
1214 3344 1247 3384 eo
1270 3324 1465 3401 intellegitur,

288 3413 369 3489 quod
394 3408 483 3472 etiam
507 3414 543 3473 ad
567 3414 659 3472 alium
681 3416 802 3490 poetam
829 3414 908 3472 anth.
932 3413 995 3471 Pel.
1024 3414 1193 3491 adpositum
1220 3413 1399 3485 invenimus,
1427 3413 1465 3471 ad

288 3521 333 3576 ep.
357 3501 408 3559 IX.
434 3503 507 3562 481.
535 3495 704 3562 Ἰουλιανοῦ
727 3499 819 3578 Σχολ.
855 3497 913 3560 τοῦ
935 3498 1105 3584 μετεώρου.
1146 3503 1230 3573 Quod
1246 3496 1386 3579 Jacobs⁶)
1409 3502 1464 3561 hoo

289 3607 452 3664 cognomen
469 3590 592 3648 ornandi
615 3610 703 3650 causa
718 3592 854 3650 additum
878 3611 939 3651 esse
956 3595 1051 3668 putat,
1075 3592 1219 3668 improbo,
1242 3612 1311 3652 nam
1333 3591 1464 3668 primum

288 3677 425 3736 hocloco
448 3697 507 3737 non
530 3681 583 3752 est,
600 3698 653 3737 cur
669 3679 806 3738 Palladas
827 3679 976 3754 laudetur,
1000 3680 1104 3738 deinde
1128 3681 1301 3756 cognomina
1323 3679 1464 3737 laudandi

379 3832 398 3895 1)
418 3830 454 3884 of.
474 3831 513 3887 H.
532 3830 650 3900 Moritz,
675 3831 731 3886 Die
750 3831 899 3884 Zunemen
918 3829 967 3884 bei
986 3829 1042 3884 den
1061 3830 1177 3900 byzant.
1196 3829 1383 3886 Historikern
1401 3829 1462 3884 und

289 3900 470 3958 Chronisten.
508 3902 606 3972 Progr.
626 3902 699 3972 regii
718 3919 814 3972 gymn.
833 3900 994 3956 Landsbut.
1014 3919 1039 3958 a.
1060 3902 1166 3972 189617.

288 4044 344 4097 Bb
377 3973 398 4042 ⁹)
417 3974 547 4100 Hiffi‘dr'
571 3978 754 4028 commentat.
775 3973 866 4029 critic.
890 3971 926 4026 de
945 3973 1033 4030 Antb.
1055 3972 1157 4028 Graec.
1180 3989 1246 4044 pars
1264 3973 1287 4029 1.
1325 3972 1461 4043 Lugduni

314 4061 388 4098 sav.
409 4062 433 4100 a.
526 4088 531 4100 .

378 4115 399 4182 ³)
419 4117 454 4170 cf.
474 4116 689 4186 Fick-Bccbtcl,
710 4117 825 4172 Grieoh.
844 4116 1042 4186 Eigcnnamen
1061 4134 1089 4186 p.
1102 4116 1164 4172 302.

377 4185 399 4255 ⁴)
417 4188 537 4243 Tzetzae
557 4188 640 4258 alleg.
658 4188 690 4241 in
702 4187 787 4244 Iliad.
801 4188 837 4242 V.
859 4187 929 4244 edit.
949 4189 981 4243 in
1000 4188 1099 4243 anecd.
1120 4187 1170 4244 Gr.
1187 4189 1355 4256 Matrangae
1374 4205 1402 4258 p.
1415 4186 1463 4253 66;

288 4257 358 4310 item
377 4257 409 4310 in
428 4259 527 4315 anecd.
548 4259 595 4315 Gr.
615 4259 773 4315 Oxoniens.
793 4259 837 4315 ed.
858 4259 973 4314 Cramer
985 4260 1024 4314 11.
1044 4278 1072 4331 p.
1085 4260 1146 4315 381.

378 4329 399 4396 ὓ)
417 4330 532 4399 Jacobs,
551 4331 665 4385 Ersohii
684 4337 713 4385 et
732 4331 858 4387 Gruberi
877 4331 988 4400 encycl.
1007 4349 1028 4386 s.
1049 4349 1075 4385 v.
1094 4329 1237 4386 Pallados.

378 4400 399 4468 ⁰)
418 4401 453 4454 In
473 4402 595 4471 catalog.
615 4408 723 4474 poetar.
743 4421 765 4458 s.
783 4420 811 4458 n.
831 4402 976 4457 Pallados.
