3372 5210
765 341 985 397 -78-..

291 515 370 599 φασὶ
397 513 622 596 παροιμιακιῦς
645 513 706 577 ΙΧ.
724 518 806 592 379,
835 513 911 597 φησὶ
933 518 981 576 vel
1008 517 1153 578 similibus
1177 519 1212 577 X.
1230 521 1280 576 55.
1304 518 1371 577 Vll.
1390 519 1463 577 688.

380 695 437 755 Sed
453 699 523 755 sunt
537 696 595 755 loci
609 697 639 753 iu
656 695 880 772 proverbiorum
897 695 1127 770 collectionibus,
1142 715 1217 772 quos
1233 697 1328 754 forma
1344 696 1465 772 quidem

291 786 485 860 interpolatos
513 803 575 854 esse
603 805 638 842 ex
665 784 803 843 Pullariae
831 804 896 860 epp.
924 791 1061 859 apertum
1089 788 1142 844 est.
1177 785 1308 860 Optime
1330 785 1465 862 intellegi

290 877 388 950 potest
418 894 463 949 ep.
486 875 520 933 X.
547 875 597 931 95.
621 873 844 948 transmigrasse
873 874 901 930 in
935 873 1056 931 Zenobii
1088 874 1303 941 collectionem,
1324 875 1356 931 in
1379 874 1464 932 cuius

289 963 340 1021 lib.
365 963 404 1021 ΙΙ.
429 963 479 1020 23.
504 981 527 1021 s.
549 982 577 1020 v.
601 955 737 1032 διπλοῦς
764 952 842 1040 dap
869 962 925 1020 hoc
948 981 992 1036 ep.
1017 961 1137 1021 additur
1165 963 1210 1021 his
1241 963 1349 1020 verbis:
1385 953 1465 1021 ὅθεν

290 1044 479 1129 ἐπίγραμμα
502 1045 586 1126 prore]
609 1070 636 1109 κ.
656 1069 683 1110 ο.
700 1047 727 1108 λ.
776 1051 861 1120 Quod
884 1050 1073 1126 proverbium
1091 1068 1150 1127 quo
1166 1050 1253 1109 modo
1269 1055 1355 1109 antea
1371 1050 1464 1110 decla·

289 1145 388 1198 ratum
413 1141 471 1210 sit,
484 1159 519 1197 ex
541 1139 683 1216 Hesychii
706 1140 761 1197 lex.
785 1159 806 1198 s.
830 1160 856 1198 v.
880 1133 1016 1210 διπλοῦς
1038 1130 1154 1214 ἄνδρας
1177 1141 1389 1216 cognoscimus,
1412 1141 1465 1198 ubi

290 1248 335 1303 ep.
358 1228 488 1287 nondum
517 1229 700 1304 adscriptum
728 1233 779 1287 cst.
825 1225 900 1286 Item
925 1249 951 1288 v.
974 1231 1001 1286 6.
1025 1249 1071 1304 ep.
1092 1229 1143 1287 lx.
1161 1230 1234 1287 441.
1258 1229 1293 1286 ab
1311 1230 1464 1304 Apostolio

291 1315 353 1394 (IX.
373 1315 453 1394 24⁰)
477 1336 512 1375 ex
531 1318 668 1376 Palladae
692 1336 737 1392 ep.
761 1325 916 1392 sumptum
940 1321 995 1392 est,
1019 1337 1086 1376 oum
1106 1337 1141 1375 ex
1164 1318 1376 1376 sententiarum
1399 1336 1465 1378 con·

290 1425 367 1464 nexu
397 1413 531 1482 ereptum
565 1407 644 1482 apud
675 1406 864 1480 Apostolium
896 1406 1046 1482 integrum
1079 1425 1194 1465 sensum
1226 1425 1285 1464 non
1317 1406 1464 1482 praebeat.

290 1494 483 1553 Proverbium
508 1495 647 1552 nimirum
672 1489 773 1573 χαιρῴ
794 1489 955 1553 δουλεύειν
969 1496 1064 1553 multo
1087 1495 1238 1570 antiquius
1262 1490 1346 1567 est1)

379 1584 492 1642 Deinde
516 1584 662 1643 distichon
685 1585 789 1659 Apost.
818 1585 868 1643 VI.
894 1579 960 1642 67.¹'
985 1603 1019 1642 er
1042 1585 1180 1642 Palladao
1209 1604 1253 1659 ep.
1276 1583 1311 1642 X.
1337 1586 1387 1643 34.
1411 1585 1463 1642 flu·

289 1672 364 1732 risse
387 1673 492 1748 liquet.

379 1762 476 1819 Etiam
500 1762 590 1820 verba
612 1761 761 1836 Apostolii
784 1762 819 1821 V.
845 1762 913 1820 41.0
937 1780 953 1819 e
977 1762 1113 1820 Palladae
1141 1781 1187 1836 ep.
1210 1763 1244 1820 X.
1271 1763 1321 1820 58.
1345 1765 1464 1836 sumpte

291 1867 353 1908 esse
376 1856 406 1907 et
435 1851 465 1907 in
493 1850 564 1908 alias
593 1851 812 1925 paroemiorum
844 1851 1029 1909 collectiones
1061 1851 1284 1926 transmigrasse
1315 1851 1462 1916 videntur.

291 1958 315 1998 e.
331 1959 359 2014 g.
382 1939 412 1995 in
430 1938 554 1997 Antonii
577 1939 728 2015 syllogam,
752 1958 827 2015 quae
843 1934 988 2014 μέλισσαι
1011 1942 1134 1998 vocatur
1157 1938 1243 2015 (229.
1260 1935 1356 2018 prov.)
1381 1943 1411 1998 et
1432 1939 1465 1997 iu

292 2025 522 2103 Gnomologicon
550 2027 672 2087 Joannis
706 2022 911 2104 Georgidae.2)
962 2027 1076 2098 Quibus
1106 2028 1137 2085 in
1170 2028 1293 2104 syllogis
1325 2029 1466 2086 lemmate

290 2110 470 2174 Λουκιανοῦ
497 2116 599 2174 addito
627 2117 811 2192 significatur
833 2118 886 2176 hos
914 2135 1016 2176 versus
1044 2136 1103 2175 non
1127 2135 1188 2175 esse
1216 2118 1370 2192 proprium
1397 2135 1462 2192 pro·

291 2204 432 2273 verbium‚
457 2206 508 2263 sed
524 2225 558 2262 ex
581 2205 732 2281 scriptoris
753 2206 905 2264 cuiusdam
930 2206 1004 2264 libro
1021 2208 1163 2280 sumptos,
1189 2224 1368 2281 quamquam
1384 2206 1463 2264 haud

290 2293 379 2351 dubie
402 2294 609 2351 auctoritatem
629 2294 801 2352 lemmatum
817 2296 851 2354 P.
875 2299 906 2353 et
922 2295 967 2354 Pl.
991 2294 1195 2371 anteponimus
1218 2295 1337 2352 illarum
1362 2295 1463 2353 collec=

291 2375 417 2454 tionum,
440 2382 477 2440 cf.
500 2402 528 2457 p.
553 2383 581 2440 8.
665 2457 667 2463 y

381 2471 535 2528 Praeterea
562 2471 633 2530 haec
664 2471 819 2547 proverbia
847 2473 878 2529 in
906 2471 1044 2530 Palladae
1072 2492 1138 2547 epp.
1162 2472 1340 2531 invenimus:
1367 2465 1463 2551 μηδὲν

291 2548 372 2635 dyas
396 2559 462 2618 VII.
497 2559 569 2630 683,
601 2560 677 2617 1=
710 2562 813 2635 Apost.
841 2560 921 2618 xlv,
951 2561 1014 2634 30,
1046 2560 1082 2618 de
1111 2579 1170 2636 quo
1199 2561 1250 2636 qui
1283 2561 1461 2637 scripserint,

290 2647 434 2706 Leutzsch
451 2652 481 2705 et
504 2648 714 2719 Schneidewin,
739 2649 871 2709 Paroem.
895 2649 934 2705 ΙΙ.
960 2651 1001 2707 80
1021 2683 1033 2688 -
1049 2650 1099 2707 82.
1123 2653 1234 2708 notant.

379 2727 438 2794 κᾶν
453 2722 490 2807 ὗς
513 2732 605 2795 δάκοι
621 2727 719 2816 ἄνδρα
743 2733 882 2818 πονηρόν
897 2733 958 2794 ΙΧ.
976 2732 1041 2796 379
1054 2763 1094 2788 =
1107 2739 1208 2813 Apost.
1225 2738 1276 2798 IX.
1301 2739 1352 2810 35,
1377 2739 1461 2814 Diog.

293 2826 327 2882 V.
347 2826 395 2882 87.
421 2825 557 2899 aliorum,
580 2827 631 2884 sed
654 2827 790 2885 omnibus
814 2827 886 2886 locis
905 2818 968 2896 ,κάν
991 2823 1046 2900 αἲξ
1069 2821 1161 2885 δάκοι
1186 2846 1213 2885 κ.
1231 2847 1258 2887 ο.
1273 2822 1301 2885 λ.
1318 2827 1463 2902 scriptum
1544 2846 1548 2854 ·

291 2916 342 2981 est,
368 2933 457 2988 quam
473 2915 510 2972 ob
527 2935 588 2972 rem
605 2916 692 2972 etiam
716 2917 747 2973 in
765 2916 820 2974 hoc
844 2935 888 2990 ep.
912 2934 967 2991 pro
991 2901 1027 2986 δς
1050 2917 1130 2991 quod
1153 2916 1242 2974 habet
1265 2915 1468 2986 offensionem,¹

291 3003 413 3060 fortasse
438 2995 493 3075 αἴξ
516 3003 705 3061 scribendum
728 3008 780 3062 est.

380 3086 534 3168 κρότωνας
554 3083 731 3170 δγιέοιερος
752 3093 801 3150 ΙΧ.
820 3095 926 3162 5034
949 3094 986 3152 cf.
1003 3093 1126 3152 Suidam
1146 3113 1168 3152 s.
1185 3113 1210 3152 v.
1235 3087 1389 3172 κράοωνος
1412 3085 1461 3171 dy.

291 3181 322 3238 et
344 3179 432 3238 schol,
450 3179 580 3238 Wechel.
603 3181 692 3238 huius
716 3201 760 3256 ep.
834 3226 838 3233 .

379 3262 532 3348 κρητίζειν
547 3270 597 3328 ΧΙ.
615 3270 687 3339 371,
700 3272 718 3327 4
731 3295 769 3318 =
782 3270 887 3329 Zenob.
903 3270 954 3328 IV.
967 3273 1017 3344 62,
1033 3272 1084 3329 sed
1099 3271 1158 3328 iarn
1175 3274 1262 3328 antea
1275 3273 1469 3348 usurpatum,

290 3357 328 3416 cf.
351 3359 468 3417 Jacobs.
493 3377 597 3418 comm.
621 3359 666 3418 ad.
689 3360 801 3420 Pallud.
825 3380 870 3436 ep.
893 3357 1016 3416 XXVII.

379 3447 461 3504 Idem
494 3448 643 3522 proverbii
674 3441 865 3521 χαλκιδίζειν
897 3469 941 3524 ep.
974 3449 1024 3506 ΧΙ.
1055 3450 1127 3515 383,
1144 3450 1161 3506 5
1180 3473 1219 3497 --
1236 3448 1359 3525 Diogen.
1393 3448 1462 3523 epit.

290 3535 345 3592 111.
370 3536 420 3595 93.
444 3537 609 3596 meminisse
632 3538 759 3609 videtur,
783 3538 821 3597 cf.
841 3537 1034 3613 'Hesychium
1058 3536 1179 3595 Suidam
1203 3557 1224 3596 s.
1248 3537 1304 3596 hac
1326 3554 1405 3596 voce.

379 3624 432 3699 Ep.
448 3625 483 3683 X.
505 3627 556 3684 49.
580 3630 788 3685 commemorat
811 3627 1001 3702 proverbium
1015 3627 1114 3686 schol.
1138 3626 1175 3684 ad
1198 3626 1349 3700 Aristoph.
1373 3626 1462 3700 Vesp.

293 3713 364 3770 352.
391 3713 557 3771 laudatum:
580 3706 678 3771 ἔνεστι
702 3707 761 3772 κάν
782 3710 924 3794 μάρμακι
948 3707 1008 3773 κάν
1030 3714 1134 3794 σέρφῳ
1159 3709 1244 3792 χολή,
1269 3715 1350 3789 quod
1374 3714 1463 3772 etiam

290 3801 320 3858 in
343 3802 560 3876 paroemiorum
585 3802 714 3879 syllogis
738 3803 884 3880 migravit.
932 3805 967 3862 cf.
992 3803 1097 3862 Zenob.
1122 3803 1176 3861 III.
1202 3804 1252 3863 70.
1277 3803 1417 3877 aliasque.

380 3891 610 3951 Proverbialiter
637 3893 733 3950 utitur
760 3893 849 3950 etiarn
872 3892 994 3951 Homeri
1021 3893 1118 3950 verbis
1147 3892 1199 3950 Od.
1224 3892 1302 3950 XIX.
1328 3893 1400 3950 162.
1425 3883 1462 3948 οδ

291 3971 351 4059 γάρ
374 3972 443 4038 άπδ
459 3974 552 4058 δρυός
575 3974 639 4039 ἐσσι
663 3975 874 4060 παλαιφάτου
890 3975 958 4038 οὐδ’
974 3973 1044 4039 άπὸ
1064 3979 1182 4060 πέτρης
1197 4001 1242 4056 ep.
1266 3981 1300 4039 X.
1319 3984 1378 4054 55,
1402 3980 1462 4038 sed.

291 4069 406 4128 diverso
435 4089 521 4129 seusu
549 4075 639 4146 atque
667 4070 822 4130 Homerus.
878 4069 958 4139 Quae
986 4074 1077 4128 verba
1104 4075 1221 4145 recepta
1249 4074 1318 4128 sunt
1340 4071 1370 4126 in
1394 4087 1462 4143 pro·

291 4159 460 4217 verbiorum
485 4161 655 4218 collectione
674 4159 793 4218 Macerii
816 4158 871 4230 ΙΙΙ,
897 4161 955 4234 40,
979 4160 1032 4217 ubi
1047 4162 1182 4218 notatum
1199 4163 1251 4228 est,
1268 4159 1376 4233 quibus
1392 4157 1469 4216 locis

291 4253 444 4321 praeterea
467 4249 659 4323 reperiantur.
1181 4235 1182 4240 δ

382 4385 402 4450 ¹)
422 4382 484 4434 Iam
503 4400 520 4435 a
539 4382 697 4436 Menandro
717 4382 860 4450 laudatur,
881 4383 916 4436 cf.
936 4382 1089 4436 Menandri
1109 4382 1175 4451 frgt.
1195 4380 1238 4436 ed.
1258 4381 1408 4436 Meinelrii.

381 4453 400 4522 2)
421 4451 463 4510 ed.
483 4453 667 4523 Boissouade,
687 4453 795 4509 Anecd.
816 4457 864 4508 (ir.
878 4455 900 4508 Ι.
921 4473 948 4524 p.
963 4455 1005 4507 22.
