3372 5210
766 316 988 375 ..16-

290 493 375 562 cedit,
399 491 450 551 XI.
474 493 538 551 436
562 511 621 552 non
645 495 690 552 est
705 493 853 552 Paliadae.
898 495 943 552 Pl.
963 493 1028 553 edd.
1048 497 1251 554 mutaverunt:
1281 491 1335 560 1³11
1358 498 1389 555 et
1409 497 1461 556 Ple

290 572 406 660 ἄδηλον
433 580 663 657 adscripserunt,
696 575 754 640 Pls
778 573 895 662 ἄδηλον
922 575 951 640 οἱ
980 575 1014 640 δὲ
1038 575 1194 640 Παλλαδᾶ
1222 588 1300 643 certo
1328 585 1465 646 lemmate

291 668 399 729 codicis
423 669 455 728 P.
479 674 635 730 commota.
681 670 783 730 Scriba
805 670 830 728 L
853 671 947 748 igitur
969 674 1023 730 aut
1043 671 1077 741 is,
1106 672 1190 730 cuius
1212 674 1416 750 apographum
1439 674 1464 733 L

290 758 457 834 exscripsit,
487 778 668 835 quamquam
695 759 751 818 hoc
775 779 820 835 ep.
841 759 919 818 inter
942 780 1009 836 epp.
1036 760 1176 819 Pailadae
1208 760 1332 834 invenit,
1364 765 1465 822 tamen

251 888 255 896 -
290 847 428 906 Palladae
452 847 582 906 tribuere
605 866 664 906 non
688 866 776 908 ausus
801 851 853 907 est.
898 848 974 906 Nam
997 848 1022 908 si
1044 848 1182 908 Palladae
1206 868 1268 910 esse
1291 869 1464 926 persuasum

288 935 453 1008 habuisset,
477 929 632 994 Παλλαδᾶ
655 937 828 1013 scripsisset,
860 941 897 995 ut
919 955 1035 1013 semper
1058 937 1136 996 alibi.
1182 937 1207 996 L
1234 942 1288 997 ant
1309 939 1347 1010 is,
1380 940 1464 1000 cuius

289 1025 506 1102 autographum
539 1024 564 1082 L
595 1025 626 1082 in
658 1025 793 1085 manibus
825 1025 957 1097 tenebat,
989 1025 1027 1084 ad
1059 1027 1147 1085 finem
1179 1027 1326 1086 lemmatis
1357 1028 1464 1088 adiecit

289 1114 413 1172 fortasse
436 1113 492 1172 hoc
515 1133 560 1189 ep.
584 1113 708 1172 Luciani
731 1133 801 1173 esse.
847 1114 1067 1191 Argumentum
1096 1115 1251 1191 utriusque
1279 1119 1382 1192 poetae
1409 1119 1462 1176 est.

289 1201 364 1260 (ium
387 1205 468 1261 certa
491 1203 566 1260 ratio
590 1203 772 1262 diiudicandi
794 1203 878 1274 desit,
902 1203 1033 1262 contenti
1056 1223 1118 1264 esse
1141 1204 1282 1264 debemus
1305 1205 1386 1280 quod
1408 1205 1464 1266 hoc

290 1310 335 1367 ep.
358 1291 436 1349 inter
458 1291 597 1364 Pullariae
620 1311 686 1367 epp.
710 1291 855 1350 exstitisse
878 1291 1013 1368 legimus.

307 1377 309 1381 ’
377 1380 432 1455 Ep.
456 1375 523 1440 118
545 1398 664 1455 quoque
688 1379 768 1455 quod
791 1379 927 1455 sequItur
948 1380 980 1438 in
1002 1381 1046 1439 Pl.
1063 1376 1116 1437 IIb
1130 1401 1159 1455 p.
1177 1383 1239 1439 89r
1255 1403 1283 1440 n.
1299 1383 1318 1440 1.
1335 1403 1352 1440 9
1368 1383 1464 1442 scriba

288 1469 314 1526 B
337 1468 367 1526 in
390 1469 423 1526 P.
447 1459 564 1548 ἄδηλον
585 1468 761 1542 inscriptum
785 1471 837 1528 est.
882 1469 1017 1544 Apparet
1036 1469 1164 1527 alterum
1185 1489 1301 1528 carmen
1317 1471 1354 1530 ab
1370 1472 1462 1530 altero

290 1557 426 1632 pendere,
450 1575 517 1615 cum
540 1575 599 1614 non
622 1557 709 1615 modo
734 1557 851 1616 easdem
874 1557 1032 1617 sententias
1051 1561 1189 1633 tractent,
1213 1559 1264 1616 sed
1287 1559 1374 1618 etiam
1390 1579 1462 1618 non·

288 1647 387 1705 nullos
409 1664 513 1705 versus
535 1645 626 1705 verbo
644 1650 731 1705 tenus
747 1646 865 1705 eosdem
881 1646 1050 1722 proferant:
1069 1647 1136 1704 VII.
1155 1647 1217 1706 339
1234 1668 1279 1723 ep.
1295 1667 1343 1707 vv.
1362 1649 1376 1706 1
1396 1651 1426 1706 et
1443 1651 1460 1706 2

287 1735 367 1792 idem
391 1739 461 1793 sunt
480 1738 570 1810 atque
594 1754 637 1810 ep.
657 1735 692 1793 X.
712 1735 773 1793 118
798 1755 844 1795 vv.
863 1737 881 1794 3
907 1739 936 1794 et
960 1737 988 1796 4.
1026 1736 1090 1794 Aut
1113 1736 1243 1796 eiusdem
1265 1742 1369 1812 poetae
1392 1741 1462 1796 suut

291 1827 342 1881 aut
366 1823 494 1880 alterum
518 1822 604 1880 alteri
628 1823 794 1897 exemplum
818 1825 1003 1898 propositum
1027 1828 1080 1884 est.

377 1911 451 1986 Epp.
468 1904 535 1971 134
550 1909 580 1968 et
599 1905 664 1973 135
686 1910 750 1968 iure
774 1911 964 1970 aDuebnero
987 1913 1017 1969 in
1040 1931 1133 1970 unum
1151 1933 1195 1988 ep.
1220 1917 1370 1972 contracta
1394 1917 1464 1973 sunt

289 2001 321 2059 P.
344 2002 513 2075 praeeunte.
559 1999 669 2058 Versus
693 2000 712 2056 9
737 2003 767 2056 et
792 1999 832 2057 10
849 2000 893 2057 Pl.
917 2000 1037 2060 omittit.
1084 2001 1193 2057 Totum
1217 2021 1262 2074 ep.
1286 2021 1344 2059 non
1367 2003 1462 2059 solum

288 2090 426 2147 lemmate
450 2087 500 2147 sed
523 2087 611 2147 etiarn
634 2106 722 2147 versu
745 2087 775 2145 in
799 2087 855 2144 fine
879 2088 980 2146 addito
1003 2079 1121 2166 ἄδηλον
1144 2088 1335 2164 significatur.
1373 2089 1462 2148 Scho-

289 2177 389 2236 liastes
412 2177 526 2253 primus
549 2177 674 2236 fortasse
696 2176 752 2236 hoc
776 2195 893 2234 carmen
916 2177 1054 2234 Palladae
1079 2195 1141 2236 esse
1165 2177 1303 2249 coniecit,
1329 2177 1360 2236 id
1384 2178 1463 2254 quod

288 2265 410 2341 reliquis
433 2266 574 2324 Palladae
597 2285 663 2341 epp.
692 2265 878 2335 collatiS,.in
906 2265 1010 2340 primis
1037 2264 1088 2324 IX.
1115 2265 1187 2340 172,
1211 2259 1335 2336 arridet;
1367 2285 1464 2341 neque

288 2358 387 2413 tamen
426 2358 471 2413 est
503 2351 735 2413 obliviscendum
771 2354 846 2412 hanc
885 2354 1084 2412 coniecturam
1116 2355 1291 2414 auctoritate
1329 2355 1465 2414 codicum

290 2461 395 2501 carere.

377 2537 454 2598 Item
470 2559 551 2598 mera
566 2539 742 2613 coniectura,
763 2558 822 2598 non
837 2539 945 2598 litteris
960 2540 1079 2600 traditis
1095 2540 1228 2613 nitimur,
1251 2541 1276 2599 si
1292 2560 1337 2615 ep.
1352 2541 1402 2598 IX.
1418 2537 1462 2602 49

289 2629 368 2706 quod
383 2629 414 2687 in
429 2629 463 2688 P.
478 2649 507 2688 n.
524 2628 543 2688 l.
559 2626 590 2687 in
606 2629 650 2687 Pi.
670 2618 787 2708 ἄδηλον
806 2631 858 2698 est,
880 2628 974 2687 eidem
995 2631 1099 2705 poetae
1120 2632 1210 2704 atque
1231 2649 1275 2704 ep.
1291 2629 1344 2688 IX.
1362 2622 1460 2711 13415

288 2718 462 2788 tribuimus,
490 2737 558 2775 nam
583 2714 672 2792 primi
694 2736 797 2776 versus
820 2735 880 2775 uno
904 2717 994 2775 verbo
1018 2720 1138 2792 excepto
1162 2717 1350 2777 consentiunt
1373 2722 1462 2793 atque

289 2828 333 2882 ep.
350 2807 401 2865 IX.
419 2807 460 2864 49
477 2826 503 2864 v.
522 2808 540 2864 2
565 2805 788 2866 consimillimus
812 2810 856 2865 est
878 2806 929 2865 IX.
948 2799 1048 2887 134s5
1065 2826 1092 2866 v.
1112 2807 1139 2865 7.

377 2893 407 2953 Ο.
452 2893 550 2954 Nunc
580 2895 807 2970 pervenimus
843 2895 884 2952 ari
920 2915 958 2953 ea
987 2895 1157 2953 Pullariae
1188 2915 1277 2970 epp,
1309 2913 1398 2970 quae
1428 2895 1463 2952 in

289 2984 406 3042 altera
429 2984 503 3042 sola
523 2983 733 3059 anthologia
753 2984 994 3057 reperiuntur.
1033 2984 1230 3059 Exquiramus
1250 2984 1403 3058 primum
1425 3003 1464 3041 ea

289 3092 364 3148 epp.
385 3092 474 3148 quae
499 3073 584 3130 aPl.
608 3072 683 3130 solo
707 3071 846 3130 tradita
868 3071 900 3128 in
920 3072 1081 3147 appendice
1098 3072 1295 3147 Anthologiae
1312 3072 1463 3130 Palatinae
1480 3124 1482 3130 .

289 3157 379 3240 (libro
394 3157 481 3240 XVI)
502 3160 625 3219 collecta
646 3179 706 3218 esse
726 3163 831 3217 notum
847 3162 898 3218 est.
932 3160 1093 3218 Planndem
1115 3163 1207 3234 caput
1222 3177 1288 3233 epp.
1303 3158 1334 3214 in
1351 3161 1463 3216 statuas

290 3250 350 3309 sive
366 3250 497 3324 picturas
514 3249 661 3308 factorum
678 3248 855 3323 excerpsisse
873 3251 995 3318 constat,
1020 3248 1100 3322 quod
1116 3247 1146 3305 in
1161 3248 1195 3306 P.
1218 3265 1277 3305 uon
1300 3250 1345 3304 est
1367 3265 1461 3306 serva-

289 3333 390 3417 tum.¹)
424 3339 463 3396 Et
479 3342 548 3397 sunt
564 3337 652 3398 huius
668 3337 784 3414 generis
800 3337 897 3395 omnia
912 3336 972 3394 tria
992 3355 1058 3411 epp.
1083 3355 1159 3411 quae
1175 3336 1314 3393 Palladae
1338 3352 1398 3393 esse
1418 3335 1463 3394 Pl.

288 3427 389 3485 tradit.
405 3426 486 3486 XVI.
503 3421 568 3489 207
592 3427 623 3490 in
646 3427 690 3485 Pl.
709 3423 775 3482 111ει
798 3446 826 3501 p.
844 3427 909 3484 48γ
932 3425 1050 3484 Amoris
1073 3424 1234 3501 imaginem
1258 3443 1275 3482 a
1299 3423 1463 3482 recentiore
1506 3458 1508 3464 ,

289 3516 400 3575 artifice
431 3515 539 3574 factam
568 3516 716 3574 describit.
771 3515 893 3574 Statuas
925 3514 1043 3573 Amoris
1066 3513 1203 3572 Palladas
1235 3513 1352 3588 saepius
1384 3531 1461 3598 com-

288 3608 442 3663 memorat.

378 3697 458 3760 XVI.
481 3695 547 3762 282
578 3699 609 3758 in
640 3700 685 3758 Pl.
710 3700 774 3757 IV⁰
800 3701 863 3758 531
887 3699 917 3756 in
948 3699 1092 3774 imagines
1115 3699 1317 3758 Victoriarum
1349 3697 1463 3754 factum

290 3793 343 3850 est.
389 3789 495 3860 Oausa,
530 3808 589 3865 qua
612 3789 789 3848 Boissonade
814 3789 978 3846 commotus
1002 3785 1139 3844 Pullariae
1163 3804 1224 3844 esse
1247 3777 1380 3861 ragau),
1405 3801 1464 3842 non

289 3880 380 3939 valet:
408 3898 477 3936 nam
509 3879 638 3954 primum
666 3877 802 3936 Palladas
835 3877 870 3933 d'e
902 3874 991 3934 rebus
1019 3873 1348 3948 Constantinopolitanis
1377 3891 1463 3947 saepe

290 3968 379 4028 verba
401 3967 472 4027 fecit
495 3961 543 4047 (cf.
567 3986 633 4043 epp.
655 3966 706 4026 XI.
724 3966 787 4024 292
813 3965 862 4023 IX.
881 3963 965 4039 528),
989 3963 1093 4020 deinde
1117 3963 1149 4020 in
1172 3962 1321 4021 codicibus
1345 3960 1463 4019 maioris

291 4057 477 4116 auctoritatis
499 4075 526 4114 v.
549 4057 567 4113 2
589 4049 791 4135 φιλοχρήστῳ
819 4047 914 4111 πόλει
947 4055 992 4112 est
1024 4054 1186 4127 servatum3
1224 4054 1313 4126 poeta
1350 4049 1464 4107 etiamsi

381 4265 401 4332 ¹)
421 4261 536 4316 Jacobs.
555 4261 664 4331 proleg.
689 4278 716 4330 p.
736 4221 779 4314 8b.
800 4290 832 4299 —
851 4257 966 4312 Finsler
983 4258 1003 4310 1.
1023 4258 1041 4312 1.
1066 4276 1094 4328 p.
1110 4257 1171 4311 118.
1191 4287 1224 4296 —
1244 4253 1403 4322 Benndorf,
1428 4252 1463 4306 de

291 4334 371 4388 anth.
392 4332 441 4389 Gr.
461 4350 535 4402 epp,
555 4349 629 4402 quae
647 4330 685 4384 ad
703 4337 779 4384 artes
798 4335 938 4400 spectant.
974 4330 1059 4382 Bonn
1079 4329 1157 4382 1862.

381 4405 401 4474 ²)
420 4404 455 4457 In
475 4402 679 4458 commentario
698 4401 785 4455 huius
805 4417 848 4471 ep.
868 4400 912 4455 ed.
931 4399 1077 4454 Duebner.
