3372 5210
402 1193 474 1304 lle
503 1190 706 1304 Pallada
743 1186 1335 1328 epigrammatographo.¹

762 1555 965 1638 Praefatio.

362 1757 489 1815 Flumen
515 1773 638 1833 poeseos
667 1754 1041 1832 epigrammatographicae
1065 1752 1255 1832 Graecorum¹
1272 1753 1350 1812 inter
1378 1753 1448 1813 Dio·

272 1845 392 1924 geniani
419 1843 611 1905 Heracleotae
643 1843 848 1920 anthologiam
876 1847 906 1902 et
931 1843 1078 1920 Agathino
1105 1842 1251 1920 Myrinaei
1279 1841 1398 1919 cyclum
1426 1843 1452 1902 si

272 1952 331 1993 non
355 1933 531 1994 exsiccatum
555 1953 625 2009 esse,
649 1937 681 1992 at
703 1934 803 1990 tamen
825 1931 994 2008 parcissima
1019 1951 1151 1992 manasse
1179 1931 1242 1990 fere
1265 1948 1367 1992 omnes
1394 1932 1452 1992 vin'

272 2022 362 2098 docti,
385 2022 438 2100 qui
453 2023 490 2082 de
505 2022 629 2082 historia
647 2021 899 2100 epigrammatum
914 2019 1096 2081 Graecorum
1110 2019 1202 2080 verba
1216 2020 1361 2094 fecerunt,
1383 2021 1452 2079 inde

272 2111 309 2172 ab
333 2105 504 2186 Jacobsio1)
535 2130 630 2189 usque
663 2111 701 2170 ad
723 2104 1016 2184 Reitzensteinium’)
1049 2109 1272 2169 contenderunt.
1318 2108 1376 2168 Sed
1407 2113 1452 2170 eet

272 2201 351 2260 inter
377 2201 646 2278 epigrammatistas
668 2199 776 2274 horum
801 2203 946 2276 quattuor
974 2197 1164 2258 saeculorum
1187 2216 1266 2257 unns
1290 2231 1331 2241 -
1355 2200 1401 2258 est
1424 2198 1451 2258 ei

272 2307 377 2353 nomeu
402 2289 539 2348 Pallados
566 2319 610 2332 -
639 2287 691 2364 qui
718 2287 920 2348 fertilissimus
948 2287 1080 2346 omnium
1108 2277 1451 2365 epigrammatographo'-

272 2397 341 2436 rum
369 2376 552 2436 Graecorum
577 2376 662 2436 nobie
694 2376 891 2436 nominandus
923 2378 969 2437 est
1000 2377 1272 2454 epigrammatum·
1294 2393 1353 2435 non
1383 2395 1450 2436 ver·

274 2485 362 2527 snum
386 2485 546 2526 numerum
568 2459 833 2543 respicientibus.⁸)
885 2465 980 2536 Quam
1012 2465 1050 2526 ob
1082 2485 1146 2524 rem
1177 2485 1237 2524 non
1264 2463 1366 2536 modo,
1399 2465 1451 2524 sed

272 2555 364 2615 etiam
395 2555 512 2633 ingenio
544 2555 681 2615 Palladae
708 2557 796 2631 poeta
828 2554 936 2632 dignus
967 2573 1029 2614 esse
1056 2554 1131 2613 mihi
1158 2554 1289 2630 videtur,
1322 2573 1452 2631 quema

272 2644 390 2704 silentio
413 2643 569 2719 vindicem,
592 2663 653 2721 quo
673 2643 710 2703 ab
730 2643 866 2703 omnibus
881 2644 1035 2704 historiam
1054 2643 1304 2721 epigrammatum
1327 2641 1453 2702 Graeco·

271 2753 341 2792 rum
364 2733 614 2793 conscribentibus
636 2731 937 2808 praetermittebatur.

363 2821 436 2881 (lum
453 2815 574 2879 aliunde
597 2821 633 2879 de
656 2820 718 2880 vita
741 2820 918 2896 scriptisque
941 2819 1030 2879 huius
1049 2821 1155 2897 poetae
1177 2820 1252 2879 nihil
1275 2838 1451 2898 cognoscere

273 2910 430 2985 possimus,
454 2908 505 2967 sed
528 2928 596 2985 epp.
618 2909 675 2968 soli
697 2908 757 2967 sint
778 2908 886 2983 fontes,
909 2929 925 2968 e
948 2908 1056 2985 quibus
1078 2909 1162 2970 nobis
1184 2909 1382 2969 hauriendum
1397 2912 1451 2980 est,

272 2997 405 3074 primum
428 2996 512 3056 nobis
534 2997 783 3074 perscrutandum
806 3001 859 3072 est,
882 3017 957 3074 qnae
975 3018 1041 3075 epp.
1064 3019 1083 3058 a
1105 2999 1228 3058 Pallada
1250 2999 1361 3076 scripta
1384 2999 1451 3058 sint.

363 3189 373 3219 ¹
401 3186 491 3244 Anth.
511 3185 561 3243 Gr.
574 3188 611 3243 V.
631 3187 741 3258 proleg.

402 3257 657 3328 Pauly-wissowa,
676 3276 697 3314 e.
716 3277 743 3315 v.
762 3257 951 3328 Anthologia.

362 3329 384 3398 ⁸)
403 3329 583 3384 Tribuuntur
595 3330 627 3385 in
640 3330 660 3385 J
660 3329 772 3386 acobeii
785 3329 914 3385 editione
926 3329 1065 3384 Palladae
1078 3329 1215 3400 epp.147,
1228 3329 1377 3400 Meleagro
1388 3329 1451 3396 129,

272 3399 400 3455 Lucillio
425 3401 490 3467 124,
513 3401 669 3472 Antipatro
689 3401 811 3457 Sidonio
832 3402 896 3470 111,
920 3400 1065 3456 Simonidi
1085 3397 1148 3468 107,
1171 3399 1320 3456 Leonidae
1343 3401 1450 3456 Teren·

272 3471 336 3527 tino
358 3471 418 3528 100.
454 3472 575 3541 Reliqui
597 3472 822 3542 poetaeminus
841 3472 971 3527 centenis
990 3489 1055 3544 epp.
1075 3471 1260 3542 scripserunt.
1297 3472 1334 3528 In
1351 3471 1450 3528 indice

272 3540 581 3666 pp5etarumdeditionis
600 3542 825 3597 Duebnerianae
842 3541 982 3598 Palladae
997 3543 1057 3613 176,
1075 3543 1222 3614 Meleagro
1243 3543 1303 3611 142,
1322 3543 1451 3599 Lucillio

345 3629 411 3682 epp.
450 3619 544 3668 anum.
