3372 5210
743 300 1011 362 .-20-

313 483 407 542 dicem
428 481 587 540 Sternbech
606 481 718 556 publici
741 482 814 541 iuris
838 478 948 559 iecit¹)‚
973 483 1026 558 qui
1048 483 1151 541 eodem
1174 486 1238 543 loco
1261 503 1289 559 p.
1308 487 1358 543 25.
1382 485 1491 542 lemma

316 571 406 630 huius
430 591 475 646 ep.
498 574 594 628 notat:
618 562 770 648 Ἀγαθίοο
795 570 883 646 (man.
906 591 950 646 pr.
974 563 1102 630 Ἆσθίον
1125 570 1363 649 interpolatione)
1392 565 1493 652 κακὴν

313 655 446 734 σχόντος
468 665 610 736 γυναῖκα.

404 749 515 807 Eodem
549 749 636 806 modo
660 748 817 808 exhibetur
839 749 870 806 in
899 749 997 808 codice
1021 750 1186 808 Matritensi
1214 751 1286 810 114.
1315 743 1492 826 Lascarisi),

316 849 404 914 ¹quem
431 857 498 896 cum
522 855 569 907 eo,
593 838 629 895 de
653 856 713 913 quo
741 839 829 896 modo
854 839 992 908 diximus,
1017 839 1191 916 cognatione
1215 840 1404 898 coniunctum
1429 858 1492 898 esse

316 927 480 986 Sternbach
502 927 571 984 Mel.
595 946 623 1001 p.
642 927 691 985 79.
716 927 875 985 contendit.
914 927 979 986 Hoc
1002 946 1121 1004 quoque
1144 929 1208 987 loco
1233 947 1278 1004 ep.
1302 934 1347 986 est
1369 929 1492 987 titulus:

314 1010 373 1076 τοῦ
396 1008 549 1092 Ἀγαθίοο
575 1010 705 1088 σχόντος
737 1009 835 1096 κακὴν
867 1022 1007 1094 γυναῖκα.
1053 1018 1207 1076 Praeterea
1239 1017 1417 1076 Boissonade
1449 1017 1491 1074 in-

314 1105 397 1164 venit
419 1104 475 1162 hoc
499 1125 543 1178 cp.
560 1103 591 1160 in
607 1103 722 1163 duobus
740 1105 947 1180 manuscriptis
963 1104 1095 1163 Parisino
1113 1107 1208 1164 3019.
1233 1110 1263 1164 et
1278 1106 1391 1164 Veneto
1411 1106 1492 1179 183,

301 1214 350 1271 ,ex
380 1193 488 1268 quibus
516 1193 630 1268 primus
654 1188 747 1251 edidit
769 1194 800 1251 in
823 1193 997 1252 Philostrati
1022 1195 1147 1253 Heroico
1172 1193 1213 1271 (p.
1238 1193 1323 1272 638.)
1349 1214 1414 1254 cum
1439 1213 1492 1253 no-

318 1283 394 1340 mine
419 1281 571 1358 Agathiae.
619 1281 700 1340 Inter
723 1281 874 1340 Palladem
907 1283 1003 1359 igitur
1030 1287 1061 1341 et
1083 1284 1240 1360 Agathiam
1265 1285 1380 1342 variant
1410 1283 1492 1342 codd.

317 1373 537 1448 Argumentum
561 1371 638 1428 haud
664 1368 752 1428 dubie
775 1371 967 1429 Palladaeum
990 1376 1041 1445 cst,
1066 1371 1106 1430 ci.
1129 1372 1280 1431 simillima
1304 1392 1371 1448 epp.
1395 1373 1492 1430 Palla·

316 1461 370 1518 dae
385 1459 436 1520 XI.
454 1460 527 1518 378.
545 1477 672 1534 quocum
689 1460 826 1518 cohaeret
841 1455 952 1532 inER,
969 1461 1018 1518 IX.
1038 1460 1110 1519 168.
1130 1462 1200 1519 169.
1216 1462 1311 1519 inulta
1327 1461 1392 1518 alia.
1416 1461 1491 1537 Aga·

317 1549 396 1607 thiae
419 1548 493 1606 nihil
518 1548 611 1606 simile
640 1549 771 1624 repperi,
805 1568 863 1624 qua
887 1549 922 1606 de
947 1568 1034 1608 causa
1058 1551 1113 1608 hoo
1136 1570 1181 1625 ep.
1204 1550 1341 1608 Palladae
1365 1550 1491 1608 vindico.

406 1638 474 1695 Alia
497 1657 561 1712 epp.
586 1637 700 1714 sylloge
724 1637 986 1696 aSladtmuellero
1003 1641 1030 1694 Σ
1046 1639 1218 1715 significata,
1242 1639 1386 1698 recentior
1403 1658 1493 1713 quam
1529 1669 1532 1676 ⁴

318 1727 531 1801 Euphemiam,
555 1744 630 1783 anno
655 1726 772 1784 circitor
792 1725 878 1787 Moe.
902 1731 968 1784 orta
990 1732 1126 1786 servatur
1148 1728 1179 1785 in
1203 1727 1319 1786 duobus
1344 1727 1493 1785 codicibus

318 1836 335 1872 a
363 1815 590 1872 Bartholomaeo
620 1813 807 1888 Comparinio
837 1815 953 1890 scriptis
976 1817 1109 1876 Parisino
1140 1817 1233 1876 1773.
1263 1820 1294 1874 et
1322 1816 1494 1874 Florentino

323 1905 372 1976 57,
392 1904 441 1960 29.
489 1901 580 1961 Cuius
613 1903 737 1960 indicem
762 1903 972 1962 Stadtmueller
1003 1905 1117 1980 primus
1145 1907 1175 1962 in
1208 1905 1340 1963 medium
1367 1905 1496 1980 protulit

319 1993 358 2067 (d.
382 1992 410 2050 J.
436 1992 520 2049 1889
555 2011 583 2066 p.
610 1993 682 2050 769.
706 1992 803 2050 adnot.
830 1991 880 2069 5.),
910 1997 979 2069 post
1003 2013 1069 2052 eum
1093 1995 1190 2052 minus
1215 1994 1373 2070 diligenter
1397 1993 1494 2050 Stadt·

320 2081 455 2138 muelleri
471 2080 660 2139 adnotatione
677 2099 735 2139 non
752 2083 870 2159 cognita
886 2083 1047 2142 Sternbach
1065 2081 1153 2168 (App.
1170 2102 1198 2157 p.
1210 2077 1314 2160 XIII).
1342 2081 1495 2139 Lemmata

240 2165 242 2170 ’
320 2175 475 2228 auctorum
500 2169 589 2228 huius
614 2169 793 2228 collectionis
817 2171 913 2230 adhuc
937 2171 1016 2230 edita
1032 2191 1087 2230 non
1106 2176 1182 2230 sunt.
1214 2171 1257 2228 Ex
1274 2170 1412 2227 Palladae
1429 2189 1495 2245 epp.

318 2259 417 2317 inveni
440 2258 524 2316 haec:
772 2257 775 2266 ’

424 2389 425 2393 .
481 2347 698 2407 2²42=XL
716 2350 789 2406 323.
952 2350 1259 2408 277=1X.170.

483 2437 682 2495 ΣῦΟτ-Χ.
702 2438 751 2495 73.
952 2438 1152 2495 ΣΘΟΞΧ.
1171 2440 1220 2496 51.

411 2524 566 2583 Accedunt
589 2525 664 2582 duae
689 2526 887 2598 collectiones,
921 2544 995 2600 quae
1027 2544 1206 2601 quamquam
1235 2526 1381 2584 lemmatis
1408 2525 1495 2584 omis·

320 2615 361 2674 sis
384 2613 459 2671 nihil
483 2611 620 2671 adferunt
643 2614 680 2671 ad
704 2633 769 2689 epp.
795 2614 990 2683 diiudicanda,
1013 2618 1112 2672 tamen
1136 2615 1235 2672 valent
1259 2615 1296 2672 cd
1320 2617 1435 2672 textum
1451 2633 1496 2671 rc·

322 2702 506 2762 censendum.
555 2702 634 2770 Quas
657 2701 704 2760 hic
727 2722 784 2762 non
808 2703 1025 2778 praetermitto:

412 2792 532 2868 Sylloge
549 2785 573 2848 S
589 2811 622 2848 err
639 2792 746 2851 codicis
762 2793 855 2852 Paris.
872 2794 969 2869 suppl.
987 2795 1060 2852 352.
1086 2793 1165 2850 edite
1188 2792 1359 2851 aOramero
1377 2791 1499 2868 (Anecd.

323 2881 373 2939 Gr.
390 2880 482 2938 Paris
499 2879 550 2938 IV.
571 2899 599 2954 p.
617 2878 702 2956 366.)
719 2881 797 2939 haud
823 2882 911 2940 dubie
928 2902 962 2940 ex
978 2882 1123 2958 Cephalae
1140 2882 1319 2959 anthologia,
1341 2881 1500 2957 praecipue

323 2990 358 3027 ex
389 2972 472 3044 parte
506 2989 523 3026 a
550 2967 645 3026 scriba
669 2968 693 3025 B
722 2970 831 3044 scripta
859 2971 955 3041 fluxit,
990 2972 1069 3046 quod
1098 2972 1212 3030 Pinsler
1245 2969 1275 3047 (l.
1296 2972 1315 3029 l.
1344 2992 1372 3046 p.
1394 2972 1444 3029 97.
1470 2974 1500 3026 et

322 3079 351 3133 p.
371 3055 455 3133 105.)
473 3057 685 3116 demonstravit
701 3057 834 3115 Kaibelio
852 3056 963 3134 (Herm.
979 3060 1014 3117 X.
1030 3081 1058 3135 p.
1078 3058 1117 3134 1.)
1134 3063 1326 3136 repugnante.
1361 3059 1501 3116 Palladae

324 3147 441 3206 exhibet
465 3165 545 3222 epp:
578 3140 603 3203 S
626 3167 653 3221 p.
671 3148 748 3204 367:
778 3142 840 3206 IX.
864 3145 936 3206 573.
982 3141 1007 3203 S
1028 3168 1056 3222 p.
1075 3148 1151 3205 375:
1177 3148 1210 3206 X.
1233 3149 1282 3216 58,
1302 3149 1351 3218 72,
1378 3148 1426 3218 73,
1450 3147 1502 3203 84.

325 3231 348 3294 S
363 3257 391 3312 p.
404 3237 480 3294 376:
497 3236 547 3294 XI.
566 3237 615 3302 54,
636 3237 685 3293 55.
709 3229 776 3310 Sp.
795 3238 871 3295 377:
888 3237 938 3294 XI.
956 3237 1029 3308 255,
1046 3236 1121 3302 273,
1140 3237 1212 3305 299,
1231 3236 1303 3292 300.
1337 3228 1404 3310 Sp.
1423 3235 1501 3291 378:

415 3414 621 3473 Collectionem
656 3434 672 3472 a
705 3413 845 3490 Diltheyo
878 3433 912 3473 ex
941 3413 1038 3472 codice
1070 3413 1203 3472 Parisino
1234 3413 1329 3471 1630.
1361 3404 1502 3486 editamss)

326 3503 487 3578 epitomem
511 3521 572 3560 esse
596 3504 726 3579 syllogac
743 3503 947 3562 Cramerianae
970 3503 1095 3579 Dilthey
1118 3506 1147 3561 et
1170 3503 1285 3561 Finsler
1308 3498 1339 3582 (l.
1356 3501 1375 3559 l.
1391 3522 1420 3577 p.
1438 3496 1503 3578 96.)

326 3591 560 3649 declaraverunt.
610 3588 646 3648 In
678 3591 781 3667 primis
814 3593 952 3650 Palladae
986 3611 1051 3667 epp.
1086 3592 1231 3666 excerpsit
1262 3592 1333 3650 haec
1366 3591 1503 3664 epitome,

326 3699 393 3737 nam
418 3678 515 3738 omnia
537 3679 634 3754 primo
663 3699 708 3754 cp.
733 3674 795 3737 IX.
822 3679 893 3737 573.
919 3685 1038 3754 excepto
1065 3681 1191 3754 recepit,
1225 3699 1291 3738 cum
1325 3677 1504 3736 sententiosa

328 3789 393 3843 epp.
418 3767 557 3826 Palladae
580 3768 665 3826 valde
688 3768 793 3826 idonea
816 3787 877 3826 esse
900 3770 1020 3842 putaret
1043 3767 1080 3824 ad
1104 3762 1318 3843 γνωμολογίαν
1341 3757 1383 3822 δι’
1406 3756 1503 3837 ἐπῶν,

328 3877 417 3933 quam
440 3861 475 3914 ut
498 3860 697 3932 componeret,
721 3857 844 3915 studuit.
877 3856 1010 3914 Primum
1034 3875 1079 3930 ep.
1104 3849 1166 3912 IX.¹
1191 3853 1263 3915 573.
1288 3853 1399 3928 omisit,
1423 3852 1504 3929 quod

327 3946 519 4023 posteriorem
538 3946 669 4022 syllegae
682 3939 706 4003 S
721 3951 836 4022 partem
847 3945 980 4021 apagina
997 3946 1070 4004 374.
1086 3944 1273 4018 incipientem
1284 3943 1341 4002 sibi
1351 3961 1504 4018 excerpen-

419 4121 429 4151 l

418 4119 440 4256 tt
460 4117 630 4258 Sdidlgiil’
643 4117 833 4253 dibirieiiiblratbff
852 4115 964 4257 {igidi
975 4116 1176 4242 birilidillecae
1191 4187 1300 4241 Matrit.
1322 4185 1403 4240 codd.
1419 4184 1468 4238 Gr.
1481 4183 1504 4238 I.

328 4278 355 4329 p·
375 4260 597 4412 452,.Dssthey‚
627 4330 662 4384 de
687 4348 750 4402 epp.
776 4329 877 4385 Graec.
902 4331 1023 4400 syllogis
1047 4330 1221 4400 quibusdam
1245 4327 1406 4382 minoribus
1430 4342 1506 4380 com-

330 4408 480 4457 mentatio.
518 4401 581 4455 Ind.
601 4403 690 4456 schol.
730 4402 861 4471 Gotting.
882 4402 913 4456 A.
928 4401 956 4456 S.
978 4403 1055 4455 1887.
