3372 5210
764 315 984 372 ...36..-

378 492 497 552 Arcadii
529 492 653 551 tutelam
687 485 743 551 sibi
774 495 898 567 propter
929 491 1041 550 bellum
1073 491 1103 549 in
1136 493 1296 551 Maximum
1329 496 1466 569 paratum

289 581 461 640 mandatam
484 599 547 642 esse
569 581 709 639 ultimum
735 584 945 640 commemorat
967 580 998 638 in
1021 580 1202 640 orationibus
1225 582 1263 640 de
1278 581 1468 658 praefectura

286 671 404 730 habitis.
450 670 534 728 Inter
565 670 693 728 tutelam
725 675 888 745 acceptam,
921 688 1010 746 quam
1044 674 1194 746 acceptam
1227 689 1289 731 asse
1320 675 1466 730 autumno

289 760 359 818 anni
384 759 456 818 883.
480 777 559 818 nunc
580 761 766 835 perspectum
791 758 941 829 habemus,
966 761 996 818 et
1019 758 1137 818 initium
1162 759 1269 820 mensis
1293 760 1373 836 Sept.
1396 759 1467 818 anni

288 850 361 909 384.
385 847 565 906 Themistius
589 849 622 908 P.
636 848 672 907 V.
696 847 795 924 Opolis
818 847 886 906 fuit.

377 937 472 1007 Quam
494 936 619 995 tutelam
642 956 702 995 non
724 937 915 1013 perlongum
930 940 1047 1012 tempus
1062 940 1176 1014 gestam
1192 956 1253 997 esse
1269 957 1287 995 a
1302 937 1465 997 Themistio

285 1027 353 1086 inde
386 1029 521 1102 apparet,
554 1025 634 1101 quod
661 1025 745 1085 finita
768 1029 811 1084 est
835 1029 911 1099 tum,
934 1044 1001 1084 cum
1026 1043 1125 1095 cause,
1149 1047 1209 1102 qua
1232 1030 1296 1086 erat
1317 1027 1466 1102 institute,

288 1119 387 1174 emota
415 1117 487 1174 erat.
539 1113 624 1184 Quod
652 1115 785 1190 periculo
811 1114 929 1172 interim
961 1115 1136 1192 propulsato
1167 1115 1349 1175 Theodosius
1382 1113 1467 1190 Opoli

287 1205 432 1277 manebat,
455 1206 556 1262 tutore
579 1221 639 1262 non
663 1204 775 1262 diutius
799 1221 873 1279 opus
897 1207 968 1262 erat.
1014 1203 1115 1263 Oratio
1131 1204 1242 1262 XVIII.
1266 1208 1347 1262 sexto
1370 1204 1465 1262 Thec-

287 1293 363 1352 dosii
391 1310 466 1351 anno
498 1292 612 1367 habIta,
645 1311 712 1352 cum
739 1292 909 1368 praefectus
937 1299 1013 1352 esset
1049 1297 1102 1352 aut
1139 1293 1245 1353 fuisset
1277 1292 1466 1368 Themistius,

287 1400 408 1458 prorsus
430 1381 460 1439 in
485 1381 604 1440 initium
627 1382 695 1442 anni
720 1382 792 1440 384.
815 1381 969 1440 referenda
992 1386 1045 1454 est,
1069 1401 1138 1441 cum
1161 1382 1262 1440 habita
1284 1385 1369 1452 esset,
1393 1382 1465 1440 dum

287 1471 467 1530 Themistius
489 1474 574 1530 tutor
597 1475 648 1540 est,
672 1473 708 1529 ut
730 1471 816 1546 plane
840 1470 926 1529 docet
947 1470 1013 1530 finis
1037 1471 1186 1530 orationis·
1231 1471 1316 1530 Unde
1332 1470 1467 1546 sequitur

287 1560 482 1619 Themistiurn
503 1559 689 1636 praefectum
712 1578 831 1635 quoque
854 1560 944 1619 fuisse
967 1578 1043 1618 anno
1068 1561 1140 1618 384.
1168 1561 1287 1618 ineunte
1310 1564 1364 1617 aut
1389 1577 1466 1618 anno

288 1650 360 1708 383.
385 1651 517 1708 exeunte.
556 1649 642 1718 Quod
666 1649 802 1708 convenit
825 1667 894 1708 cum
915 1648 964 1720 eis,
985 1668 1060 1725 quae
1077 1649 1113 1707 de
1129 1648 1268 1708 clearcho
1283 1651 1466 1708 antecessore

287 1738 488 1815 cognovimus,
512 1756 601 1814 quem
623 1739 747 1797 fortasse
770 1756 870 1796 mensa
891 1739 960 1797 Dec.
986 1739 1054 1796 anni
1072 1739 1144 1797 383.
1167 1738 1350 1814 praefectum
1375 1736 1466 1796 finisse

287 1831 318 1884 et
348 1826 413 1885 Kal.
447 1827 512 1884 Jan.
546 1825 613 1883 anni
647 1827 719 1885 334.
753 1826 905 1886 consulem
937 1826 1047 1885 factum
1082 1846 1145 1887 esse
1177 1826 1313 1886 vidimus.
1360 1826 1466 1902 Itaque

286 1914 447 1990 unicuique
481 1914 699 1974 concedendum
732 1918 777 1974 est
814 1915 876 1974 veri
914 1933 975 1974 esse
1012 1915 1194 1974 simillimum
1227 1915 1466 1974 Themistium

286 2004 415 2064 iisdem
454 2003 527 2063 Kal.
560 2004 637 2062 Jan.
669 2004 750 2062 anni
784 2003 857 2062 384.
890 2004 1159 2079 praefecturam
1192 2005 1320 2064 iniisse
1348 2021 1467 2080 eoque

203 2109 206 2114 ·
286 2112 431 2152 munere
454 2093 617 2152 functum
642 2111 729 2168 esse,
754 2093 833 2151 dum
858 2091 1050 2152 Clearchus
1074 2094 1197 2153 consul
1220 2094 1301 2152 fuit.

378 2181 463 2252 Quod
486 2182 511 2241 si
534 2182 735 2252 concedimus,
763 2181 925 2240 orationem
948 2181 1055 2253 xvss„
1084 2201 1144 2258 qua
1170 2181 1343 2258 imperatori
1370 2180 1468 2258 gratia

287 2270 418 2330 refertur
440 2289 494 2346 pro
517 2271 627 2329 honore
650 2271 742 2343 illato,
758 2289 857 2329 mense
873 2271 939 2331 Jan.
956 2270 1086 2330 habitam
1102 2290 1164 2330 esse
1180 2271 1264 2330 nobis
1281 2269 1466 2330 efficiendum

289 2363 342 2431 est,
364 2377 423 2418 non
445 2359 540 2417 multo
563 2363 664 2435 postea
688 2361 850 2418 orationem
872 2359 984 2419 XVHI.

378 2447 574 2506 Themistium
607 2467 660 2523 per
692 2449 781 2507 breve
813 2453 932 2523 tempus
964 2449 997 2506 P.
1020 2449 1057 2506 V.
1086 2448 1186 2524 Gpolis
1214 2447 1307 2508 fuisse
1340 2447 1468 2507 ostendit

289 2541 361 2597 orat.
386 2536 521 2594 XXXIV.
546 2555 610 2612 cap.
636 2537 685 2595 11.
709 2553 785 2613 sqq.;
814 2538 905 2595 alium
930 2554 1048 2612 quoque
1073 2537 1105 2598 P.
1121 2538 1158 2595 V.
1181 2538 1347 2598 invenimus
1369 2554 1468 2594 mense

289 2626 367 2703 Aug.
391 2629 516 2684 exeunte
539 2625 585 2684 vel
611 2645 709 2685 mense
725 2626 804 2701 Sept.
821 2627 940 2684 ineunte
956 2625 987 2683 in
1003 2626 1066 2684 cod.
1083 2626 1192 2685 Theod.
1208 2625 1259 2697 VI,
1277 2628 1305 2695 2,
1324 2628 1352 2685 9.
1391 2625 1469 2683 Ante

274 2717 344 2781 ¹hoc
362 2719 479 2791 tempus
495 2733 537 2774 or.
553 2716 687 2774 XXXIV.
703 2715 834 2773 habitam
850 2733 911 2774 esse
926 2714 986 2773 iam
1002 2714 1274 2776 demonstravimus..
1299 2715 1469 2773 Fortasse

288 2803 494 2876 Clearchus,
518 2808 707 2881 postquam
730 2823 793 2880 per·
816 2805 905 2864 duos
921 2822 1072 2876 mensos,
1095 2807 1135 2862 ut
1150 2809 1328 2878 eratmos,
1346 2803 1469 2862 consul

288 2892 374 2962 luit,
408 2893 673 2967 praefecturam
705 2893 950 2968 recuperavit,
988 2911 1056 2968 qua
1092 2893 1188 2951 inter
1224 2894 1290 2953 hoc
1329 2897 1471 2970 tempus

288 2980 508 3040 Themistius
531 2981 677 3041 functus
700 2986 784 3040 erat.

302 3137 307 3144 ‚
379 3070 442 3145 Ep,
467 3070 502 3128 de
526 3088 585 3146 quo
610 3071 734 3147 agimus,
759 3070 903 3145 scriptum
926 3088 994 3144 esse,
1019 3070 1091 3129 dum
1114 3070 1293 3130 Themistius
1317 3073 1361 3129 est
1383 3070 1416 3128 P.
1433 3068 1469 3127 V.

290 3158 402 3234 (lpolis,
432 3162 462 3217 et
484 3158 565 3216 modi
588 3158 756 3234 imperativi
780 3163 811 3217 et
837 3159 944 3217 vocula
971 3178 999 3217 v.
1023 3160 1052 3217 4.
1080 3154 1135 3218 νῦν
1161 3163 1317 3220 testantur.
1364 3157 1470 3218 Mensis

289 3248 367 3325 Aug.
384 3247 498 3306 madius
513 3247 638 3307 ultimus
653 3250 697 3307 est
711 3247 862 3318 terminus,
878 3265 937 3324 quo
952 3247 1133 3308 Themistius
1149 3267 1179 3307 se
1196 3249 1232 3307 ab
1249 3249 1366 3324 impetu
1381 3247 1470 3305 huius

289 3357 333 3413 ep.
351 3337 490 3397 defendit.
521 3336 649 3412 Itaque
667 3337 732 3395 hoc
756 3355 805 3412 ep.
828 3337 949 3411 priore
972 3339 1073 3411 parta
1099 3337 1182 3395 anni
1206 3339 1289 3412 384,
1313 3338 1471 3395 fortasse

290 3426 471 3485 mensibus
495 3425 633 3486 duobus
655 3425 841 3508 prioribus
864 3424 969 3483 huius
994 3424 1075 3482 anni
1099 3425 1278 3501 scriptum
1303 3429 1364 3486 est.

379 3513 495 3586 Restat,
527 3519 563 3573 ut
586 3515 785 3590 exquiramus,
817 3514 885 3591 quis
917 3514 956 3573 sit
983 3518 1087 3573 auctor
1115 3515 1204 3574 huius
1234 3535 1279 3592 ep.
1307 3515 1470 3590 Postquam

291 3621 381 3678 supra
419 3602 685 3662 demonstravimus
722 3603 916 3662 Themistium
954 3603 1052 3678 ipsum
1084 3604 1142 3664 hcc
1174 3625 1218 3679 ep.
1252 3603 1380 3664 scribere
1412 3621 1472 3661 non

290 3691 435 3766 potuisse,
464 3709 522 3749 non
556 3691 673 3750 difficile
702 3694 746 3750 est
776 3687 949 3759 diiudicare,
982 3710 1049 3749 cum
1078 3694 1110 3751 P.
1135 3695 1165 3751 et
1187 3693 1232 3752 Pl.
1256 3692 1473 3751 consentientes

292 3779 432 3839 Palladae
454 3779 598 3853 tribuant,
622 3799 710 3856 quam
735 3779 773 3838 ob
796 3799 858 3838 rem
882 3779 958 3838 inter
972 3781 1101 3856 genuina
1117 3781 1255 3840 Palladae
1271 3799 1337 3856 epp.
1354 3797 1471 3837 enume-

292 3869 423 3928 ravimus
446 3889 474 3945 p.
500 3868 528 3927 8.
573 3868 711 3942 Accedit,
744 3869 824 3944 quod
852 3869 909 3928 hcc
936 3888 981 3944 ep.
1009 3873 1104 3929 exstat
1131 3871 1161 3928 in
1185 3869 1274 3946 longa
1303 3867 1376 3926 serie
1405 3886 1471 3943 epp.

292 3958 429 4017 Palladae
466 3977 562 4034 nequa
590 3958 668 4016 inter
695 3957 754 4016 alia
782 3956 921 4017 variorun
949 3961 1104 4032 poctarum
1135 3979 1200 4059 epp.
1230 3957 1396 4033 dispersum
1419 3957 1473 4015 est.

293 4047 349 4105 Sed
373 4045 462 4106 etiam
486 4050 696 4124 argumentum
720 4049 751 4105 et
774 4046 880 4106 modus
903 4045 1018 4105 dicendi
1042 4048 1121 4124 sapit
1144 4047 1294 4124 spinosum
1319 4045 1472 4122 ingenium

292 4133 431 4194 Palladae
454 4135 615 4195 ethaeum
637 4129 832 4195 verborum'
818 4129 951 4213 ἄντυγος
967 4127 1113 4236 ουρανίης
1128 4129 1187 4196 ct'
1173 4153 1308 4214 αντυγος
1324 4126 1474 4215 ἀργυρέης

293 4224 436 4284 etverba
459 4243 601 4300 oxymora
623 4216 767 4305 ἀνάβηθι
791 4218 945 4282 κᾶτω-
969 4215 1034 4283 ἅνω
1057 4224 1199 4306 scraptae.

381 4311 511 4389 Itaque
533 4333 600 4373 non
625 4317 679 4374 est
701 4313 861 4385 dubium,
886 4314 972 4389 quin
994 4314 1059 4374 hcc
1087 4334 1137 4390 ep.
1161 4313 1331 4374 Pallados
1354 4307 1471 4372 vindi·

290 4401 439 4461 candum
465 4402 519 4462 sit.
