3372 5210
763 293 983 352 „00-

282 471 353 529 dem
363 470 539 530 sententiam
553 469 696 528 imitando
705 472 815 528 terunt.
847 469 954 545 Itaque
970 470 1041 528 haec
1050 488 1169 563 quoque
1179 488 1245 544 epp.
1256 468 1307 527 IX.
1320 469 1359 526 73
1373 471 1459 528 -78,

276 559 333 618 .vix
356 559 486 618 eiusdem
508 561 612 634 poetae
628 577 691 617 esse
714 562 797 636 puto,
821 558 872 616 sed
894 559 1034 616 lemmata
1056 574 1113 616 coo
1131 549 1232 615 adseri
1256 577 1291 615 ex
1312 558 1460 618 lemmatis

285 641 331 719 εἰς
344 641 383 708 τὸ
407 640 487 707 αὐτό
508 666 605 706 errore
631 647 741 706 scribae
765 649 879 705 mutata
902 666 964 706 esse
987 646 1050 706 veri
1074 651 1118 706 est
1141 646 1242 705 simile.
1290 645 1365 706 (lum
1388 648 1460 708 haec

282 737 375 796 series
399 737 483 796 testis
506 737 591 796 citari
615 754 673 794 non
696 735 796 811 potest
817 736 848 793 in
872 735 1018 812 Agathiae
1042 731 1294 810 compositionem,
1316 739 1383 794 tum
1398 738 1458 796 lon-

285 845 337 903 gas
361 846 427 902 epp.
450 825 587 884 Palladae
610 825 698 884 series
722 824 759 882 ab
782 824 913 903 Agathia
935 843 994 883 non
1018 825 1153 884 collectas
1177 842 1238 882 esse
1262 829 1394 900 apparet.

373 915 417 974 Ex
432 915 577 992 Agathiae
593 914 743 989 prooemio
759 913 902 972 librorum
918 913 1108 972 historiarum
1115 909 1149 989 1),
1165 933 1180 970 e
1196 911 1304 972 Suidae
1319 909 1458 990 vertisti),

282 1025 301 1060 e
317 1003 426 1064 scholio
443 1004 517 1062 A.P.
533 1003 584 1061 IV.
602 1004 629 1061 3.
646 994 809 1083 συναγωγὴ
825 1000 900 1060 νέων
915 993 1170 1080 ἐπιγραμμάτων
1185 1002 1285 1060 elucet
1299 1001 1458 1080 Agathianr

285 1112 352 1168 epp.
368 1092 519 1151 nullorum
542 1091 598 1150 nisi
618 1091 786 1166 aequalium
809 1091 968 1168 collegisse.
1002 1090 1083 1161 Quae
1100 1089 1130 1149 (l.
1140 1091 1174 1150 B.
1189 1085 1329 1167 Hasius3)
1345 1092 1459 1166 primus

281 1181 374 1238 aliter
396 1181 618 1256 interpretatae,
641 1173 896 1256 aBernhardio4),
919 1183 984 1238 tum
1008 1200 1025 1237 a
1047 1173 1313 1259 Reitzensteinw),
1336 1181 1459 1240 uberius

286 1289 303 1328 a
336 1269 536 1329 Sakolowslrio
563 1269 582 1327 l.
606 1270 626 1329 l.
651 1288 677 1344 p.
703 1270 753 1327 62.
786 1269 932 1328 refutatus
964 1272 1015 1327 est.
1069 1268 1155 1339 Quod
1183 1268 1357 1343 Sternbaeh,
1390 1270 1458 1328 Mel.

285 1379 313 1434 p.
338 1358 402 1428 21„
427 1358 606 1417 existimavit
628 1376 687 1416 non
710 1358 797 1417 modo
828 1377 893 1433 epp.
917 1357 1085 1433 aequalium
1107 1357 1266 1434 Agathiae,
1295 1358 1348 1416 sed
1371 1359 1459 1416 etiam
1545 1399 1548 1404 -

282 1467 351 1523 epp.
366 1465 462 1522 usque
486 1447 521 1505 ad
544 1445 627 1504 illam
650 1449 776 1504 aetatem
791 1447 922 1504 nondum
946 1447 1067 1506 collecta
1082 1447 1283 1523 antiquiorum
1304 1450 1458 1522 poetarum

285 1536 315 1594 in
332 1535 422 1612 (lycio
445 1539 566 1611 recepta
589 1554 658 1609 esse,
683 1534 878 1594 Reitzenstein
903 1538 933 1594 et
948 1533 1130 1594 Sakolowslri
1152 1535 1335 1594 refellerant.
1372 1536 1458 1595 Anti·

282 1625 446 1701 quissimus
461 1628 628 1700 poetarum,
653 1643 726 1700 quos
743 1623 887 1700 Agathias
903 1625 1059 1701 congessit,
1074 1624 1169 1702 (lyras
1185 1627 1249 1682 erat
1270 1627 1357 1700 pater
1371 1624 1458 1683 Pauli

285 1713 467 1787 Silentiarii,
503 1713 555 1791 qui
588 1714 705 1772 saeculo
738 1713 842 1789 quinto
875 1716 999 1772 exeunte
1035 1713 1146 1771 floruit.
1201 1713 1336 1772 Eundem
1369 1732 1456 1772 avum

285 1803 431 1878 Agathiae
448 1821 599 1878 sponsae,
631 1803 758 1860 Paulum
788 1801 990 1860 Silentiarium
1022 1802 1117 1878 igitur
1149 1820 1283 1861 socerum
1312 1801 1457 1878 Agathi‘ae

285 1891 377 1949 fuisse
394 1891 606 1949 Stedtmueller
628 1891 742 1967 primus
766 1891 939 1949 enucleavit.
947 1884 971 1967 ⁶)
1018 1890 1110 1961 Quam
1137 1890 1174 1948 ob
1198 1890 1375 1949 affinitatem
1399 1909 1458 1948 non

281 1982 331 2040 est
345 1979 558 2050 admirandum,
575 1980 657 2055 quod
673 1978 767 2054 (tyrus
782 1979 813 2037 in
829 1977 919 2055 Gyclo
936 1983 1070 2056 receptus
1087 1982 1139 2048 est,
1160 1978 1216 2039 nisi
1231 1979 1309 2040 forte
1324 1981 1456 2056 aequalis

285 2069 378 2127 maior
400 2071 474 2127 natu
489 2068 634 2145 Agathiae
657 2068 725 2127 fuit.
763 2068 924 2143 Palladem,
947 2088 1035 2144 quem
1052 2069 1121 2144 plus
1141 2071 1258 2127 centum
1282 2068 1365 2126 annis
1388 2073 1456 2126 ante

285 2158 444 2234 Agathiam
477 2158 610 2217 floruisse
640 2157 671 2214 in
703 2176 764 2233 cap.
793 2154 834 2215 H.
867 2156 1091 2233 explicavimus,
1123 2156 1346 2232 antiquissimus
1379 2161 1456 2216 esset

282 2249 373 2322 vpoeta
397 2246 491 2322 (lyoli,
523 2247 549 2304 si
571 2250 707 2321 receptus
735 2249 821 2316 esset;
855 2247 905 2304 sed
929 2246 1053 2305 dubium
1082 2249 1140 2317 est,
1173 2265 1244 2304 num
1266 2244 1402 2304 Pallados
1425 2244 1456 2304 in

284 2335 388 2410 poetis,
412 2335 464 2410 qui
480 2335 516 2393 ab
532 2335 662 2412 Agathia
677 2329 822 2414 νεώτεροι
838 2330 891 2392 καὶ
907 2327 1078 2414 ἄρτιγενεῑς
1093 2336 1287 2410 appellantur,
1307 2335 1456 2393 numerari

285 2423 386 2498 possit.
431 2423 538 2499 Itaque
561 2424 597 2481 de
625 2425 720 2482 causis
748 2423 962 2500 chronologicis
985 2443 1103 2500 quoque
1128 2424 1294 2500 negandum
1319 2429 1364 2482 est
1385 2420 1453 2481 Pal·

284 2512 381 2570 ludam
405 2512 482 2570 inter
505 2511 587 2588 Cycli
609 2515 711 2588 poetas
733 2505 864 2592 fuisse.⁷)

374 2601 504 2660 Tertiam
527 2602 563 2659 ad
588 2620 705 2660 oausam
730 2601 899 2660 accedentes
922 2620 979 2660 non
1004 2605 1084 2660 certo
1108 2602 1299 2660 fundamento
1323 2601 1454 2675 nitimur,

281 2691 365 2766 quod
388 2691 631 2767 proficiscendum
655 2694 699 2750 est
722 2689 758 2748 ab
782 2709 847 2765 epp.
863 2691 899 2748 V.
917 2691 967 2750 70.
991 2695 1021 2749 et
1046 2691 1105 2760 71,
1129 2710 1204 2766 quae
1227 2710 1299 2748 num
1314 2690 1455 2748 Palladae

283 2778 352 2851 sint,
375 2779 500 2838 dubium
524 2798 585 2838 esse
610 2798 700 2856 supra
722 2799 751 2855 p.
769 2778 819 2838 17.
840 2798 899 2855 seq.
923 2780 1057 2839 diximus.
1095 2779 1130 2836 In
1153 2780 1268 2857 sylloge
1290 2779 1455 2852 Rufiniana,

285 2886 374 2943 quam
398 2868 515 2926 initium
537 2868 607 2926 libri
623 2869 658 2928 V.
674 2872 774 2940 tenere
791 2871 913 2942 constat,
935 2869 1053 2927 nullum
1068 2888 1113 2944 ep.
1130 2867 1212 2944 (lyoli
1226 2869 1319 2927 inesse
1342 2871 1455 2926 certum

285 2959 338 3014 est.
385 2956 482 3025 Quam
504 2956 650 3032 syllogam
671 2957 813 3032 Cephalus
835 2957 860 3016 si
883 2957 1107 3032 composuisset,
1130 2957 1238 3015 mirum
1263 2960 1351 3028 esset,
1375 2957 1455 3032 quod

285 3044 337 3102 ille
361 3064 396 3103 ex
419 3044 564 3120 Agathiae
580 3044 669 3121 Cyclo
692 3045 774 3103 nulla
797 3045 853 3104 nisi
876 3046 1014 3104 Pallados
1038 3067 1103 3122 epp.
1128 3047 1327 3122 excerpsisset,
1352 3063 1453 3121 quam·

282 3152 375 3209 quam
398 3138 573 3208 argumenta
595 3134 720 3192 aliorum
744 3141 899 3209 poetarum
923 3134 1004 3210 (lycli
1032 3136 1069 3193 ad
1084 3139 1302 3212 'argumentum
1323 3135 1455 3210 proposi-

284 3227 349 3281 tum
376 3223 465 3284 huius
493 3223 624 3300 syllogae
651 3223 767 3299 aptiora
793 3226 872 3282 sunt.
922 3221 1029 3300 Itaque
1062 3243 1128 3299 epp.
1156 3224 1280 3284 fortasse
1308 3223 1454 3296 Pallados,

282 3331 352 3370 cum
370 3312 535 3371 exstiterint
550 3312 582 3370 in
597 3312 712 3389 sylloge
729 3311 891 3385 Rufiniana,
907 3312 1052 3390 Agathiae
1068 3312 1150 3388 cycli
1171 3331 1232 3372 esse
1248 3331 1305 3371 non
1322 3314 1454 3387 possunt.

375 3401 488 3470 Quibus
511 3401 600 3460 rebus
623 3400 796 3477 perquisitis
819 3419 873 3476 pro
897 3404 977 3460 oerto
1001 3403 1215 3460 demonstrasse
1239 3421 1291 3461 nos
1315 3406 1455 3477 putamus

285 3488 455 3548 Palladae
479 3509 555 3566 epp.
578 3491 700 3550 abesse
724 3490 765 3548 ab
789 3490 965 3566 Agathiae
990 3489 1104 3566 (lycio.

373 3579 415 3635 Ex
443 3578 566 3654 reliquis
589 3578 722 3656 syllogis,
748 3597 820 3654 quas
844 3578 989 3655 Weigand
1012 3579 1031 3638 l.
1055 3580 1075 3638 l.
1099 3583 1265 3653 enumeret,
1293 3579 1374 3638 nulla
1397 3578 1456 3637 huo

374 3751 394 3816 ¹)
413 3765 490 3818 corp.
509 3748 576 3803 hist.
596 3749 663 3817 Byz.
683 3746 727 3802 ed.
747 3749 890 3804 Bonnens.
909 3767 936 3819 p.
951 3750 975 3818 6,
990 3752 1014 3804 9.

372 3820 394 3889 ⁹)
414 3837 435 3875 s.
454 3837 480 3875 v.
500 3813 636 3889 Ἀγαθίαςε
656 3815 760 3873 κύκλον
778 3818 850 3874 νέων
867 3816 1093 3892 ἐπιγραμμάτων.

372 3891 394 3961 ³)
413 3890 450 3946 ad
468 3891 556 3945 Leon.
576 3891 658 3946 Diac.
678 3891 765 4015 (corp.
785 3891 852 3947 hist.
871 3893 939 3961 Byz.
960 3890 1004 3946 ed.
1026 3893 1178 3961 Bonnens.)
1197 3892 1250 3946 ΧΙ.
1270 3909 1297 3962 p.
1310 3891 1371 3946 490.

371 3963 393 4032 ⁴)
413 3962 521 4018 Suidae
540 3960 583 4018 ed.
602 3963 731 4016 Bernhar
752 3963 763 4015 i
781 3963 803 4032 I,
820 3965 842 4018 l.
862 3980 889 4033 p.
903 3964 945 4017 34.

371 4037 392 4104 ⁶)
411 4034 658 4104 Pauly-Wissowa
676 4051 697 4089 s.
716 4051 742 4088 v.
761 4033 910 4104 Agathias.

372 4106 392 4175 θ)
412 4104 625 4174 Stadtmueller,
645 4105 703 4159 Zur
720 4106 827 4174 griech.
846 4106 966 4159 Anthol.
1002 4106 1175 4160 Festschrift
1193 4123 1243 4160 zur
1261 4103 1453 4172 Einweihung

280 4177 310 4232 d.
330 4176 494 4231 Grossherz.
515 4175 619 4246 Gymn.
638 4195 662 4231 a.
680 4174 860 4246 Heidelberg
878 4194 902 4231 a.
925 4176 1002 4234 1894.

374 4249 393 4317 7)
412 4247 555 4317 Weigand
573 4248 628 4301 Rh.
646 4249 685 4302 M.
706 4247 782 4304 1845.
802 4265 830 4318 p.
849 4251 909 4304 561.
929 4249 1146 4319 antiquissimos
1164 4253 1265 4319 poetas
1284 4247 1367 4316 Cycli
1385 4263 1453 4300 enu-

282 4325 385 4374 merat:
407 4318 566 4373 Ablabium
584 4319 738 4388 Illustrem,
757 4319 946 4388 Eutolmium,
966 4318 1166 4384 Theosebiam‚
1185 4325 1252 4389 post
1271 4335 1319 4372 eos
1339 4318 1453 4388 Cyrum.

282 4391 328 4444 Ex
347 4389 453 4460 quibus
471 4390 651 4444 Eutolmium
669 4407 729 4444 non
748 4390 831 4460 Cycli
850 4408 910 4446 esse
929 4391 986 4444 iam
1005 4389 1191 4446 ostendimus.
