3372 5210
773 336 995 391 ..82.-

280 498 519 588 'gramaticam
552 511 718 587 relinquere
750 511 873 583 indicat,
905 512 1042 571 fortasse.
1063 513 1169 572 eodem.
1197 517 1329 590 tempore
1361 519 1472 594 scripta

297 604 375 660 sunt.
422 599 508 659 Certe
531 605 599 676 post
622 599 790 658 aefectum
814 603 860 659 est
881 621 926 676 cp.
949 602 1000 660 XI.
1018 602 1090 660 378.
1136 603 1213 661 Item
1237 623 1304 680 epp.
1324 604 1375 664 IX.
1398 606 1470 678 172,

297 683 360 747 IX.
384 688 437 756 49,
463 687 595 768 134f35.
624 692 692 765 post
718 693 811 747 artem
835 695 979 748 mutatam
1003 691 1080 749 lacta
1103 709 1165 750 esse
1188 691 1335 752 videntur.
1381 695 1468 754 Prae-

295 783 375 835 terea
398 798 473 854 epp.,
495 778 605 854 qulbus
627 783 833 854 paupertatem
857 797 939 837 suam
955 779 1143 860 lamentatur,
1165 786 1241 856 ante,
1264 802 1338 858 epp.,
1362 784 1470 858 quibus

296 886 326 926 se
350 872 428 925 sorte
452 887 505 926 sua
532 870 702 926 contentum
730 885 792 926 osse
820 867 903 938 dicit,
934 871 1003 943 post
1034 868 1109 927 hanc
1141 871 1359 929 conversionem
1392 874 1470 932 vitoe

295 959 400 1032 poetae
423 956 534 1031 scripta
557 973 618 1014 esse
641 955 704 1013 veri
727 958 772 1014 est
794 955 898 1016 simile.
943 954 1049 1032 Itaque
1070 957 1178 1033 prioris
1198 960 1290 1034 partis
1306 960 1385 1018 vitae
1400 973 1470 1021 sunt

295 1063 360 1120 epp.
384 1045 443 1102 iam
466 1050 694 1103 commemorata
720 1043 771 1102 IX.
797 1046 869 1119 168,
897 1047 967 1115 169,
990 1046 1041 1104 XI.
1067 1047 1153 1121 383,
1182 1048 1289 1122 quibus
1317 1068 1347 1107 se
1369 1070 1466 1126 gram·

294 1133 434 1192 matieum
458 1151 519 1191 csse
543 1132 624 1206 dicit,
647 1132 751 1191 deinde
775 1132 900 1192 fortasse
923 1153 967 1210 ep.
993 1135 1044 1193 IX.
1069 1135 1141 1204 170,
1167 1137 1239 1205 173,
1265 1137 1339 1208 174,
1363 1139 1399 1198 X.
1417 1140 1468 1209 51,

293 1220 344 1280 XI.
363 1221 435 1295 302,
460 1223 547 1289 303.;
569 1221 741 1296 posterioris
763 1223 870 1298 partis:
894 1223 944 1280 XI.
970 1224 1042 1297 378,
1067 1224 1117 1282 IX.
1140 1225 1212 1294 172,
1235 1227 1270 1285 X.
1289 1225 1339 1301 86,
1357 1227 1407 1285 97.

382 1309 528 1368 Iamiam
552 1309 592 1367 de
608 1329 738 1386 genere
753 1311 934 1379 scribendi
950 1316 1076 1387 poetae
1098 1313 1201 1371 nobis
1217 1314 1390 1390 agendum
1406 1322 1468 1376 est.

293 1398 337 1456 Dc
361 1397 487 1456 dialecto
511 1403 614 1473 poetae
637 1399 736 1473 quarti
758 1419 787 1474 p.
811 1398 1046 1459 Oh.n.saecu1i
1069 1401 1208 1459 nimirum
1233 1421 1289 1460 non
1318 1403 1467 1479 habemus,

293 1505 368 1562 quae
392 1486 531 1545 dicamus.
578 1486 723 1561 Pallenes,
746 1491 783 1546 ut
806 1490 851 1546 est
873 1487 1006 1546 imitator
1028 1485 1159 1559 Homeri,
1183 1491 1295 1567 figuras
1319 1491 1466 1568 verbaque

292 1575 352 1634 atili
376 1576 450 1650 epici
473 1575 598 1634 maxime
626 1583 763 1651 usurpat,
795 1595 890 1651 neque
918 1581 1016 1634 tamen
1044 1579 1162 1636 omnino
1190 1584 1235 1638 ost
1266 1580 1344 1638 liber
1371 1601 1388 1638 a
1420 1582 1466 1640 sui

292 1664 356 1723 aevi
380 1665 493 1722 ratione
516 1664 674 1737 scribendi,
702 1666 781 1740 quod
810 1685 834 1724 e.
858 1685 886 1742 g.
914 1685 1070 1724 numerum
1098 1667 1215 1725 dualem
1244 1668 1348 1741 evitat,
1376 1688 1464 1744 quem

292 1753 410 1811 omnino
434 1753 631 1828 posteriorum
655 1757 821 1828 temporum
846 1755 989 1813 dialectos
1012 1751 1099 1836 κοινή
1123 1775 1181 1814 non
1205 1759 1345 1833 agnoseit.

314 1877 316 1882 ·
380 1841 502 1900 Constat
527 1842 604 1900 iuter
632 1861 731 1900 omnes
764 1843 869 1900 horum
897 1845 1096 1919 saeculorum,
1128 1863 1203 1919 quac
1230 1847 1465 1920 commemoravi,

290 1935 394 2009 poetas
417 1931 446 1988 in
470 1930 574 2006 primis
598 1929 735 1988 Nonnum
759 1935 790 1988 et
813 1931 875 1989 eius
898 1936 1057 1992 sectatores
1084 1934 1208 1991 maxime
1232 1935 1358 1993 valuisse
1382 1936 1465 1994 novis

290 2019 387 2078 verbis
409 2019 494 2078 fictis.
540 2019 575 2076 In
601 2019 738 2077 Pallados
763 2039 881 2095 quoque
905 2040 970 2095 epp.
987 2021 1082 2079 multe
1097 2022 1263 2080 invenimus
1278 2041 1356 2082 nova
1376 2024 1466 2083 verba

289 2109 370 2166 haud
396 2128 489 2184 parva
516 2127 583 2166 cum
611 2109 771 2184 sagacitate
799 2108 867 2166 ficta
895 2117 947 2166 aut
974 2110 1111 2184 parodiae
1140 2116 1193 2168 aut
1220 2112 1465 2171 annominationis

205 2213 209 2220 ·
290 2216 384 2255 causa.
430 2197 474 2254 De
505 2197 672 2255 nominibus
701 2197 827 2272 propriis
860 2197 947 2255 certis
980 2198 1015 2255 de
1048 2199 1143 2256 causis
1174 2200 1250 2258 fictis
1282 2200 1341 2258 iam
1374 2219 1465 2275 supra

289 2285 424 2355 diximus,
448 2285 583 2343 addimus
606 2286 661 2344 hoc
684 2286 748 2344 loco
777 2285 844 2342 alia:
883 2279 1166 2365 Γορδιοπριλάριον
1193 2289 1326 2346 nominet
1340 2289 1464 2347 militem

288 2374 450 2450 gloriosum
489 2374 630 2432 barbarae
668 2374 915 2448 pronuntiationis
953 2395 998 2450 ep.
1036 2375 1089 2436 Vl.
1119 2377 1173 2450 85,
1199 2379 1241 2448 2.,
1283 2373 1465 2458 Ταβλιόπην

288 2481 402 2520 musam
431 2467 536 2537 poetae
559 2463 627 2520 talis
649 2462 779 2521 ludentis
806 2481 913 2520 nomen
940 2459 1128 2544 Καλλιόπης
1153 2466 1264 2524 comice
1292 2470 1464 2540 permutans

288 2571 332 2626 cp.
357 2550 408 2610 XI.
433 2552 513 2619 373,
538 2543 739 2631 ἄνδρομάχην
761 2552 916 2609 mulierem
940 2570 1008 2610 oum
1031 2553 1095 2612 viro
1118 2558 1300 2630 pugnantem
1325 2573 1391 2631 epp.
1412 2555 1463 2614 XI.

290 2641 362 2697 378.
386 2641 417 2698 ct
447 2633 481 2697 V.
510 2640 569 2714 70,
594 2643 745 2714 praeterea
772 2631 1072 2721 Ἐρμοπιθηκιάόης
1104 2645 1134 2700 et
1165 2636 1321 2722 ἑρμαγέλη
1353 2644 1463 2702 comice

286 2728 373 2804 lingit
396 2729 557 2786 secuudum
581 2722 770 2805 Ἑρμόλυκος
793 2749 838 2804 ep.
861 2730 912 2787 XI.
938 2730 1010 2788 353.

375 2813 555 2896 weltinpurc
583 2838 628 2892 ep.
655 2816 705 2874 IX.
738 2818 840 2889 168,3.
868 2819 1004 2894 parodice
1033 2819 1119 2896 fingit
1146 2820 1182 2876 ad
1211 2820 1333 2878 Homeri
1361 2839 1464 2879 vocem

286 2899 468 2984 πολύμητις
491 2906 631 2975 alludens,
654 2906 726 2964 item
749 2899 922 2979 διχόλωτος
945 2907 981 2965 ad
1005 2927 1127 2978 uxorem
1151 2911 1180 2966 et
1203 2914 1295 2967 artem
1319 2928 1462 2984 grammo-

286 2993 375 3050 ticam
397 2993 491 3051 refert
512 2993 563 3050 IX.
590 2995 661 3067 168,
673 2996 700 3052 3.

268 3077 270 3083 ’
375 3081 473 3138 Verbo
497 3073 708 3154 ἄποχαλκίζω
738 3103 782 3158 ep.
806 3083 857 3141 lX.
882 3085 985 3154 2835
1010 3084 1185 3162 perstringit
1207 3086 1349 3160 pecuniae
1372 3087 1462 3145 avidi·

283 3173 376 3228 tatem
399 3169 641 3242 Chalcidensium,

373 3253 569 3339 ῥυγχελέφας
591 3279 635 3335 ep.
659 3259 710 3317 XI.
735 3261 807 3319 204.
832 3261 937 3318 faciem
960 3261 1112 3320 insolentis
1136 3262 1257 3321 formae.

372 3349 479 3406 Verbis
502 3343 566 3419 316,
587 3343 657 3426 κνή,
687 3342 747 3427 11ρᾶ
775 3369 821 3425 ep.
845 3349 895 3407 VI.
921 3351 971 3408 85.
1005 3346 1158 3408 barbaram
1191 3353 1460 3427 pronuntiationem

284 3437 414 3495 militum
437 3437 544 3495 illudit.

373 3521 529 3592 Praeterea
552 3526 623 3584 haec
645 3526 743 3584 inveni
766 3526 919 3600 vocabula,
942 3547 1018 3603 quac
1040 3527 1071 3584 in
1088 3528 1225 3590 Palladae
1248 3549 1315 3604 epp.
1331 3529 1461 3604 primum

283 3613 438 3688 leguntur:

373 3694 504 3773 αἰνίζειν
526 3701 577 3759 Xl.
604 3702 725 3776 341,1.,
749 3702 833 3761 onius
857 3705 962 3763 modus
985 3704 1099 3763 medius
1122 3706 1204 3764 solus
1227 3706 1258 3762 in
1281 3725 1338 3765 usu
1362 3709 1415 3764 est.

372 3782 569 3867 ἅλαβαρχεία
592 3789 643 3847 ΧΙ.
669 3791 742 3861 383,
758 3793 796 3862 4.,
819 3792 875 3850 nisi
898 3793 961 3851 cod.
985 3794 1062 3852 Just.
1079 3794 1131 3864 IV,
1149 3796 1199 3871 61,
1217 3796 1248 3853 9.
1271 3799 1364 3852 antea.

372 3871 599 3955 α’ντιοχεύομαι
623 3879 674 3939 XI.
700 3881 773 3951 284,
785 3884 812 3939 2.
1087 3909 1089 3912 ·

372 3960 568 4047 ἅστρόθετος
592 3969 657 4027 VII.
683 3970 755 4035 683,
767 3971 796 4026 6.

373 4050 594 4130 αἰτοχόλωτος
617 4058 683 4116 VII.
709 4059 822 4131 688,5.
1397 4108 1401 4114 .

371 4140 528 4224 βράβυλος
552 4146 601 4204 ΙΧ.
626 4147 698 4216 377,
711 4150 738 4204 5.
762 4147 905 4206 hocloco
929 4146 1099 4218 defructu,
1124 4147 1258 4206 omnibus
1281 4149 1405 4224 reliquis
1422 4149 1457 4206 de

497 4234 601 4292 arbore
624 4235 744 4292 dictum.

372 4317 670 4400 γραμματικείομαι
689 4324 739 4383 ΙΧ.
758 4324 830 4398 169,
842 4326 879 4394 2.,
903 4344 1085 4400 quamquam
1099 4324 1209 4382 Pollux
1229 4345 1364 4401 expresse
1385 4325 1458 4383 dicit

496 4411 619 4469 verbum
643 4431 697 4470 sua
719 4417 812 4470 aetat-c
835 4432 893 4471 non
917 4421 1038 4471 exstare.
