3372 5210
722 323 943 382 ..59-

244 501 341 561 solum
363 500 443 559 foliis
466 500 567 559 vacuis
591 503 660 559 ante
684 501 747 560 cod.
770 500 878 560 assutis
901 501 1104 561 collectionem
1128 502 1169 560 34
1197 521 1262 578 epp.
1285 487 1418 577 adderet,

244 607 320 666 quae
343 589 374 647 in
392 588 435 647 Pl.
459 589 522 648 sola
544 589 641 648 tribus
665 609 731 666 app.
757 589 892 666 exceptis,
915 608 974 649 non
997 589 1027 647 in
1051 590 1083 650 P.
1107 593 1230 661 exstant,
1254 591 1417 650 sedetiam

243 679 274 736 in
292 678 350 736 fine
365 677 472 736 codicis
489 696 554 754 epp.
570 678 634 737 XV.
653 679 793 738 41-51.
815 678 847 736 in
865 681 980 738 statuas
995 679 1167 756 aurigarum
1186 679 1296 756 scripta
1312 679 1416 738 adiun-

244 770 335 844 geret,
359 765 469 842 quibus
492 766 623 826 fontibus
645 785 718 827 usus
734 768 782 842 sit,
805 761 992 844 nescimus.1)
1038 768 1224 845 Argumenta
1243 786 1319 845 epp,
1343 787 1418 845 quae

243 855 441 932 pronuntiavi,
465 854 573 914 similia
596 874 655 914 non
678 859 755 915 sunt.

334 943 428 1014 Quae
445 944 572 1015 omnia,
596 945 625 1002 si
641 945 769 1004 animis
786 944 1073 1020 complectimur,
1096 963 1163 1004 non
1179 944 1268 1004 satis
1284 946 1416 1018 valent,

244 1032 467 1092 utPalladae
491 1051 566 1109 epp.
589 1033 626 1091 in
642 1033 750 1110 Cyclo
767 1033 943 1110 Agathino
966 1036 1112 1109 recepta
1135 1053 1211 1094 esse
1234 1038 1419 1110 procerte

246 1125 409 1182 statuero
436 1122 624 1197 possimus.
671 1123 738 1182 Sed
770 1125 856 1180 sunt
883 1140 1025 1199 qnoque
1052 1141 1193 1196 causae,
1221 1123 1352 1200 quibus
1382 1122 1418 1182 id

245 1211 410 1270 conicere
432 1214 600 1272 vetemur.

333 1298 450 1375 Longas
472 1299 539 1359 illas
562 1318 657 1359 meras
686 1300 774 1360 series
802 1319 869 1376 epp.
893 1299 1031 1358 Palladae
1059 1319 1192 1376 pugnare
1221 1319 1289 1360 cum
1312 1320 1418 1378 genere

146 1423 148 1428 ,
188 1457 190 1462 .
246 1387 402 1465 colligendi
429 1386 576 1464 Agathino
612 1389 674 1447 iam
706 1407 797 1464 supra
830 1409 858 1464 p.
882 1389 935 1448 48.
965 1387 1148 1463 notavimus,
1180 1408 1248 1449 curn
1275 1388 1419 1466 Agathias

246 1495 395 1554 perpauca
418 1495 483 1552 opp.
501 1477 632 1536 eiusdem
655 1477 784 1537 auctoris
807 1477 986 1554 coniungere
1008 1477 1114 1538 solitus
1137 1478 1185 1536 sit.
1231 1477 1335 1555 Aquo
1358 1478 1417 1538 dis·

246 1566 355 1625 cedunt
377 1566 440 1625 sola
464 1585 528 1642 epp.
545 1566 595 1626 IX.
621 1566 760 1627 73-78.
783 1565 898 1625 Juliani
920 1565 1062 1641 praefecti
1077 1565 1210 1644 Aegypti
1232 1567 1262 1625 in
1285 1567 1419 1644 Myronis

246 1672 363 1715 vaccam
386 1654 508 1730 scripta,
532 1674 615 1731 quae
634 1675 700 1714 cum
724 1674 791 1731 epp.
813 1654 1017 1731 praecedentia
1045 1658 1075 1715 et
1102 1655 1256 1732 sequentia
1278 1675 1337 1716 non
1361 1655 1420 1716 sint

246 1743 392 1821 Agathiae
408 1742 497 1819 (lycii,
521 1763 578 1803 non
601 1744 802 1822 fragmentum
824 1744 930 1821 longae
953 1744 1038 1802 seriei
1054 1743 1144 1821 (lydi,
1168 1745 1220 1804 sed
1243 1743 1329 1804 seriei
1352 1763 1420 1821 epp.

246 1833 278 1891 in
298 1832 375 1891 idem
399 1831 557 1892 artificium
573 1833 720 1892 factorum
734 1835 813 1904 sunt,
836 1833 946 1910 partim
965 1823 1078 1914 ἄδηλα,
1101 1833 1211 1910 partim
1234 1833 1420 1894 diversorum

247 1925 409 1998 poetarum.
460 1920 516 1980 cui
548 1921 726 1982 simillimam
751 1921 856 1982 seriem
879 1921 1045 1982 invenimus
1069 1942 1135 1998 epp.
1158 1923 1209 1982 IX.
1235 1922 1420 1981 ola-743.

247 2012 393 2070 factorum
416 2010 448 2068 in
471 2011 592 2070 eandem
614 2011 782 2089 imaginem,
806 2030 882 2087 qnae
905 2014 959 2069 aut
981 2011 1114 2070 collectio
1137 2011 1363 2087 inscriptionum
1385 2030 1421 2070 ex

246 2099 423 2177 imaginibus
447 2117 482 2157 ex
501 2103 663 2177 prototypo
687 2104 718 2159 st
740 2119 775 2158 ex
790 2099 872 2178 typis
896 2099 1039 2174 expressis
1063 2100 1261 2171 collectarum,
1285 2100 1316 2158 id
1339 2099 1421 2176 quod

246 2189 305 2246 iam
328 2188 453 2259 Hecker,
482 2189 500 2246 1.
525 2189 545 2248 l.
568 2209 597 2264 p.
623 2191 696 2250 163.
720 2188 857 2260 coniecit,
880 2192 933 2248 aut
955 2189 1069 2266 sylloge
1093 2208 1158 2265 epp.
1176 2191 1230 2258 ost,
1253 2208 1329 2264 quae
1352 2207 1421 2248 ean·

336 2362 357 2432 ¹]
374 2360 410 2415 Id
427 2371 519 2416 unum
531 2365 641 2416 certum
654 2359 727 2413 mihi
740 2375 800 2414 esse
813 2357 928 2414 videtur
943 2359 1020 2414 hanc
1037 2357 1226 2431 appendicem
1245 2359 1316 2414 item
1334 2366 1424 2429 atque

247 2431 436 2504 appendicem
453 2431 523 2486 libri
535 2431 588 2486 IX.
607 2431 644 2486 ab
663 2429 765 2486 eodem
783 2429 877 2486 scriba
890 2432 940 2484 Σπ
953 2429 1082 2486 additam
1095 2448 1132 2486 ex
1151 2429 1252 2486 eodem
1266 2430 1348 2485 fonto
1362 2446 1422 2484 ma-

246 2519 338 2570 nasse,
357 2520 393 2557 ex
412 2520 469 2574 quo
482 2502 594 2573 sylloge
606 2502 809 2573 Euphemiana
825 2500 986 2572 composita
1004 2508 1055 2573 est,
1074 2503 1133 2558 nisi
1150 2502 1226 2556 forte
1239 2519 1276 2556 ex
1288 2500 1352 2572 ipsa
1364 2501 1421 2571 syl-

247 2574 314 2644 loga
331 2575 535 2644 Euphemiana
561 2579 683 2644 utraque
706 2571 854 2644 appendix
878 2578 993 2643 sumpta
1015 2580 1066 2629 est.
1114 2573 1221 2628 Confer
1239 2589 1346 2643 quaeso
1370 2572 1424 2625 has

247 2644 422 2716 appendices
440 2662 506 2700 cum
524 2645 578 2698 illa
595 2645 719 2715 sylloga:

354 2718 388 2772 A.
407 2714 439 2772 P.
458 2717 511 2772 IX.
531 2715 697 2772 823.=1o1t
715 2732 759 2786 ep.
779 2718 822 2773 31.

477 2819 512 2829 —
531 2787 592 2844 824.
607 2813 638 2834 =
727 2819 758 2828 —
779 2789 822 2843 30.

480 2890 512 2900 -
533 2859 593 2913 825.
606 2884 642 2905 =
726 2891 760 2898 -
779 2860 822 2915 32.

480 2961 511 2970 -
532 2931 592 2985 826.
606 2955 642 2976 =
725 2961 759 2970 -
779 2931 822 2985 33.

479 3032 513 3040 -
532 3001 642 3057 827.--
725 3032 759 3042 -
779 3001 821 3056 34.

247 3071 743 3198 ΒείηᾱἋαρέθιίἀέοῗέιΊΗΒήΕξΙ.ε
783 3144 819 3197 42

383 3184 389 3198 .
435 3189 441 3200 ,
508 3188 514 3201 ,
588 3169 642 3199 .--
724 3161 768 3214 ep.
820 3183 827 3197 .

460 3215 514 3272 XI.
533 3216 643 3270 255.=
727 3246 761 3256 —
780 3215 824 3271 43.

479 3287 517 3343 X.
550 3286 593 3343 30.
613 3285 693 3342 deest
711 3287 742 3340 in
760 3287 817 3343 ΕΒ.

461 3357 514 3413 XI.
534 3358 595 3413 294.
614 3357 695 3412 deest
713 3358 745 3411 in
762 3358 824 3424 ΕΒ,
843 3354 893 3412 sed
912 3356 964 3411 XI.
980 3356 1033 3410 293
1045 3379 1080 3400 =
1093 3355 1141 3408 ER
1155 3370 1199 3423 ep.
1219 3353 1262 3407 44.

461 3429 515 3485 IX.
552 3429 827 3498 51.=E1tep.47.

460 3500 514 3553 IX.
534 3500 704 3556 748.=n1³
721 3516 766 3570 ep.
783 3499 827 3555 48.

461 3571 515 3626 XI.
534 3571 595 3626 442.
614 3569 695 3625 deest
713 3571 745 3624 in
764 3571 819 3637 ΕΒ,

248 3645 345 3700 Etiam
363 3644 475 3714 sylloge
487 3660 506 3696 a
517 3641 611 3697 scriba
623 3643 670 3696 2²¹
692 3642 723 3695 in
742 3641 821 3696 foliis
834 3645 901 3694 ante
914 3639 1043 3694 codicem
1055 3636 1088 3694 P.
1106 3637 1242 3708 praefixis
1260 3637 1425 3707 conscripta

249 3715 461 3771 necessitudine
478 3712 682 3838 {uadapffnsscum
695 3713 808 3838 sbylloga
819 3711 1022 3783 Euphemiana
1040 3709 1195 3765 coniuncta
1214 3725 1275 3762 osse
1294 3706 1422 3763 videtur:

357 3788 402 3840 2²¹
416 3803 461 3856 ep.
499 3811 554 3841 .=
632 3802 676 3855 ep.
713 3825 730 3908 2.

439 3959 473 3969 -
491 3929 517 3982 4.
530 3953 565 3975 =
649 3959 683 3967 —
697 3927 739 3984 22.

439 4031 473 4040 -
492 4000 516 4053 5.
530 4025 565 4045 =
651 4029 682 4038 -
696 3999 740 4054 23.

440 4101 474 4111 -
494 4071 518 4125 6.
531 4095 562 4117 =
649 4101 681 4110 -
695 4070 739 4124 25.

440 4173 474 4182 -
494 4143 566 4197 7.=
651 4171 683 4180 —
697 4141 740 4196 26.

249 4214 439 4284 Reliquorum
458 4229 522 4284 epp.
563 4212 681 4282 leraque
703 4211 790 4264 huius
809 4210 950 4279 syllogae,
975 4205 1070 4278 quoad
1094 4224 1131 4260 ex
1154 4205 1252 4260 indice
1275 4204 1311 4259 ab
1330 4203 1424 4259 Hesio

249 4284 328 4339 haud
355 4290 488 4341 accurate
516 4231 595 4338 edito
633 4299 784 4353 expressus
808 4281 904 4335 estin
927 4279 1077 4334 Duebneri
1104 4277 1148 4332 ed.
1176 4277 1256 4332 anth.
1282 4276 1330 4332 Gr.
1354 4293 1380 4331 v.
1400 4275 1423 4330 1.

250 4349 1202 4497 titt·ttltttttttttttttttltftttttl
1220 4349 1283 4404 ⁸⁰¹³
1300 4352 1424 4415 llll
