3372 5210
710 338 929 396 ..65-

246 516 278 592 3)
301 516 351 574 IX.
377 515 449 573 118.
473 535 508 572 ex
530 514 724 592 Theognideis
747 519 819 574 sent.
843 513 881 573 ef.
904 535 932 590 p.
958 515 1008 574 10.

377 604 449 663 119.
472 601 620 663 Pallados.

377 693 449 751 120.
473 685 664 762 ἀδέσποτον,
698 692 928 752 Stadtmuellero
962 692 1181 752 demonstrante
1213 692 1248 754 B.
1280 693 1329 768 ph.
1361 693 1408 751 W.

485 783 578 841 1895.
602 802 630 857 p.
656 783 728 840 356.
752 781 915 858 genuinum
938 780 1061 840 Lusiani
1084 779 1194 841 Samos.

378 871 450 930 121.
475 875 505 929 et
530 873 601 929 122.
625 860 736 950 ἄδηλα.

375 960 475 1032 [128]
509 952 681 1039 ἰσόψηφον,
704 960 828 1020 fortasse
852 959 999 1018 Leonidae
1018 958 1217 1028 Alexandrini,
1248 959 1301 1035 qui
1325 958 1410 1019 ouius

430 1067 554 1108 coronae
577 1048 682 1121 fuerit,
709 1047 839 1106 nondum
864 1049 1051 1124 explanatum
1081 1053 1133 1107 est.
1180 1046 1282 1124 Neque
1311 1051 1410 1106 tamen

428 1136 502 1194 mihi
526 1137 658 1196 eiusdem
686 1138 818 1214 syllegae
846 1156 908 1197 esse
931 1137 1050 1196 videtur
1074 1156 1107 1196 ao
1129 1137 1275 1196 Pallados.

376 1225 559 1284 124-128.
584 1217 694 1306 ἄδηλοι.

377 1315 449 1372 129.
474 1304 590 1394 ἄδηλον
612 1316 657 1389 Ρ.,
691 1335 708 1372 a
736 1315 780 1374 Pl.
816 1314 933 1374 Nestori
975 1313 1136 1387 tributum,
1173 1314 1209 1372 de
1242 1333 1300 1390 quo
1333 1311 1411 1372 infra

429 1403 584 1464 dioendum
608 1405 674 1463 erit

377 1492 561 1552 130-133.
584 1483 696 1572 ἄδηλα.

378 1573 488 1662 13415.
511 1580 637 1640 fortasse
661 1581 808 1651 Palladae,
833 1582 871 1640 of.
894 1602 923 1657 p.
950 1583 998 1640 16.

249 1666 282 1749 4)
306 1669 357 1727 IX.
383 1669 482 1728 166-
496 1671 567 1728 176.
590 1670 736 1729 Palladae.

379 1758 452 1817 177.
476 1749 525 1816 α’ὁ.
578 1759 653 1816 Tum
692 1758 923 1833 interrumpitur
958 1757 1030 1817 haeo
1072 1759 1160 1818 series
1196 1758 1312 1818 duobus
1344 1779 1410 1834 epp.

429 1847 555 1906 aliarum
579 1848 828 1922 anthologiamm:
852 1867 898 1922 ep.
923 1847 995 1905 178.
1020 1847 1165 1922 Antiphil.
1188 1847 1258 1922 Byz.
1280 1847 1411 1923 Philippi

358 1958 359 1963 ¹
420 1954 566 2011 annonae,
605 1956 650 2012 ep.
686 1937 758 1995 179.
790 1936 951 2008 Leonidae,
983 1936 1107 1995 fortasse
1139 1936 1312 2009 Alexandn,
1345 1955 1411 1995 oum

430 2019 593 2104 ἰσόψηφον
608 2043 670 2084 esse
686 2025 830 2099 videntur,
856 2043 1036 2101 quamquem
1052 2025 1167 2083 numeri
1182 2043 1240 2083 non
1258 2025 1412 2100 quadrant,

431 2114 467 2174 ot.
491 2113 671 2172 Salolowski
694 2113 713 2170 l.
736 2115 756 2173 l.
778 2133 807 2189 p.
833 2115 882 2172 55.

381 2202 565 2262 180-183.
589 2203 736 2261 Palladae.

379 2291 564 2349 184-185.
587 2280 699 2371 ἄδηλα.

235 2374 283 2459 6)
307 2379 358 2439 IX.
384 2380 456 2439 364.
488 2379 619 2438 Nestoris
651 2379 839 2450 Larodensis3
875 2383 920 2438 est
950 2380 1075 2439 fortasse
1107 2378 1308 2456 fragmentum
1344 2379 1413 2437 libri

431 2469 704 2544 metamorphoseon
720 2473 823 2544 poetae
840 2468 923 2544 epici,
947 2469 996 2526 oui
1019 2474 1063 2527 est
1079 2469 1134 2528 hoo
1149 2487 1264 2528 nomen.
1298 2467 1414 2527 Floruit

433 2557 488 2616 sub
511 2558 690 2633 imperatore
706 2557 873 2616 Alexandro
894 2552 1012 2617 Severo.
1058 2558 1169 2616 Eodem
1190 2557 1306 2616 nomine
1331 2575 1412 2615 orna·

431 2652 497 2705 tum
529 2665 574 2721 ep.
602 2647 719 2705 nomine
751 2647 902 2723 gentilicio
935 2646 1042 2706 omIsso
1074 2645 1133 2704 iam
1160 2645 1191 2702 in
1223 2645 1311 2704 tertia
1338 2644 1413 2704 serie
1532 2663 1533 2666 ¹

434 2735 601 2795 invenimus
624 2735 674 2793 IX.
701 2738 772 2795 129.

380 2825 452 2882 366.
475 2824 588 2882 Iuliani
612 2823 807 2899 imperatoris,
832 2824 913 2900 quod
930 2824 1052 2898 lemma,
1071 2843 1144 2881 num
1168 2826 1247 2882 reete
1270 2823 1413 2881 traditum

433 2913 480 2990 sit,
495 2913 635 2972 Duebner
650 2913 758 2970 iniuria
773 2913 898 2972 dubitet.
944 2913 1049 2971 Aetate
1065 2911 1178 2970 Juliani
1199 2912 1336 2970 firmatur
1350 2911 1416 2969 fieri

432 3002 572 3077 potuisse,
595 3008 631 3060 ut
646 3020 711 3077 epp.
727 3002 916 3077 imperatoris
939 3002 967 3058 in
992 3001 1107 3078 sylloge
1123 3021 1140 3058 a
1155 3001 1278 3059 Pallada
1293 3000 1417 3060 oolleota

433 3090 643 3166 reciperentur.
676 3091 804 3166 Reliqua
824 3108 944 3167 quoque
958 3090 1072 3149 Iuliani
1095 3109 1162 3166 epp.
1178 3109 1236 3148 non
1259 3089 1415 3158 obsistunt,

433 3198 479 3255 ep.
502 3178 554 3236 XI.
580 3179 652 3239 108.
681 3183 775 3238 exstat
807 3179 839 3236 in
866 3183 950 3255 parte
978 3180 1008 3236 in
1037 3179 1134 3254 eapite
1159 3178 1265 3252 divisa,
1297 3178 1327 3236 in
1356 3197 1417 3252 qua

434 3268 505 3326 ordo
529 3273 664 3327 veterum
691 3269 927 3344 anthologiarnm
951 3268 1113 3328 dissolutus
1137 3273 1191 3326 est.
1236 3266 1315 3324 XVI.
1341 3266 1415 3324 115.

433 3356 464 3414 in
487 3357 519 3416 P.
544 3357 685 3416 omISsum
708 3361 766 3427 est3
789 3357 825 3415 de
848 3377 892 3432 ep.
916 3357 969 3415 XI.
993 3357 1066 3416 368.
1090 3356 1159 3415 vide
1181 3355 1266 3414 infra.

382 3445 455 3504 866.
479 3437 604 3525 ἄδηλον.

382 3533 455 3594 367.
479 3533 602 3592 Luciani
633 3534 785 3609 Samosat,
809 3534 889 3611 quod
921 3533 1103 3594 Sakolowski
1135 3533 1155 3593 l.
1178 3533 1198 3592 1.
1221 3552 1251 3608 p.
1274 3532 1324 3591 11.
1352 3549 1414 3590 ree·

434 3623 494 3681 tius
523 3623 643 3681 Juliano
675 3622 867 3681 tribuendum
899 3641 961 3682 esse
998 3627 1109 3693 censet,
1142 3621 1354 3680 Stedtmueller
1380 3619 1416 3680 B.

435 3711 484 3786 ph.
501 3711 547 3769 W.
567 3712 661 3772 1895.
685 3731 713 3787 p.
731 3713 803 3770 356.
828 3730 891 3788 sqq.
915 3711 1039 3771 Luciani
1062 3730 1124 3771 esse
1148 3709 1371 3771 demonstravit.

386 3800 460 3858 368.
483 3799 595 3859 Juliani
617 3799 813 3876 imperatoris,
837 3802 872 3859 of.
897 3820 943 3877 ep.
969 3801 1041 3860 365.
1124 3865 1126 3868 ,

385 3888 458 3946 369.
481 3888 593 3966 cyrilli
625 3890 710 3949 ouius
735 3890 851 3948 nullum
874 3909 919 3964 ep.
944 3889 1015 3948 alibi
1047 3892 1150 3948 exstat.
1198 3887 1284 3958 Quod
1308 3905 1416 3945 nomen

434 3978 493 4036 illis
516 3977 699 4052 temporibus
723 3984 787 4037 erat
809 3984 872 4036 tam
887 3977 1040 4052 usitatum,
1060 3981 1096 4035 ut
1120 3996 1154 4036 ex
1178 3976 1279 4034 multIs
1295 3975 1416 4051 (lyrillis

436 4066 520 4126 nobis
536 4068 615 4125 notis
629 4071 748 4142 poetam
764 4086 867 4125 eruere
882 4085 941 4126 non
960 4066 1114 4143 possimus,
1138 4063 1293 4142 quodiam
1308 4063 1417 4124 Jaoobs

434 4160 513 4229 poet.
536 4155 620 4215 catal.
643 4155 796 4214 intellexit.

385 4244 458 4303 370.
489 4244 601 4302 Tiberii
625 4243 766 4315 illustris,
790 4243 826 4303 de
851 4263 911 4321 qno
943 4244 1017 4304 nihil
1041 4244 1158 4304 seimus.
1203 4243 1258 4318 Ep.
1287 4242 1419 4301 eiusdem

436 4337 539 4408 poetae
562 4333 614 4391 IX.
639 4335 667 4391 2.
690 4351 748 4390 non
771 4338 926 4409 repugnat.
1070 4354 1073 4362 ·

385 4422 457 4481 371.
481 4414 599 4500 ἄδηλον
622 4423 663 4496 Ρ.,
687 4421 798 4480 Tiberii
821 4421 934 4483 illustr.
957 4422 1003 4480 Pl.
1105 4447 1109 4454 ¹

299 4531 424 4582 Frnnke,
439 4531 473 4570 Do
487 4532 585 4572 Pallada
600 4532 862 4582 epigrammatographo.
1190 4525 1206 4574 ὃ
