3372 5210
684 390 727 398 -
774 358 815 415 69
862 391 904 398 ρ

302 533 344 611 Π)
369 533 553 610 Scholiorum
578 534 688 594 anthol.
716 532 795 610 Pal,
825 555 900 611 quae
924 496 1233 594 diversissimae'sunt
1259 534 1385 592 auctori-

213 622 296 694 tatis,
323 623 464 682 nonnulla
487 623 524 680 ob
548 643 612 682 earn
635 643 698 681 rem
721 629 791 683 sunt
813 623 999 700 gravissima,
1027 623 1106 699 quod
1130 641 1286 698 perpauca,
1310 641 1386 698 quue

214 712 250 771 de
272 711 397 770 historia
418 711 499 770 illius
522 712 709 789 autholcgiae
733 713 850 787 scimus,
874 712 1076 788 prodiderunt.
1122 712 1257 770 Plurima
1279 712 1386 770 horum

152 803 155 808 '
214 801 393 860 scholiorum
416 801 526 876 scripte
543 795 614 860 sunt
629 821 646 859 a
661 801 756 860 scriba
771 801 804 875 L,
827 802 864 860 de
881 821 940 878 quo
960 801 1109 860 uberrime
1125 801 1257 860 omnium
1273 800 1387 859 Finsler

214 890 233 948 1.
256 891 275 948 l.
299 911 327 966 p.
354 890 426 949 142.
450 909 513 965 sqq.
536 890 626 949 verba
653 885 763 966 fecit¹l
809 890 876 949 Duo
905 908 1013 966 genera
1040 891 1219 950 scholiorum
1248 890 1326 947 inter
1356 907 1386 948 se

215 978 412 1037 diversissima
436 979 613 1054 composuit:

303 1065 332 1143 a)
355 1068 393 1126 ad
415 1068 566 1142 permulta
589 1088 654 1143 epp.
678 1067 819 1127 lemmate
841 1071 1083 1146 argumentorum
1108 1067 1272 1143 adscripsit,
1297 1086 1386 1142 quam

215 1157 252 1214 ob
275 1176 338 1215 rem
361 1156 542 1215 lemmatista
564 1156 742 1227 nominatur,
766 1176 842 1234 quae
865 1157 1121 1235 indiligentissime
1141 1160 1171 1214 et
1193 1155 1386 1232 neglegentis·

215 1246 289 1304 sime
306 1265 340 1303 ex
358 1265 423 1321 epp.
446 1245 509 1321 ipse
532 1246 615 1304 nullo
632 1245 713 1304 fonte
737 1246 870 1304 adhibito
891 1250 1010 1316 eruerat
1032 1265 1170 1322 persaepe
1186 1264 1304 1304 sensum
1321 1264 1386 1320 epp.

214 1352 273 1394 nou
297 1334 481 1410 perspiciam,
505 1334 584 1410 quod
609 1334 722 1394 Finsler
745 1335 848 1395 multis
871 1335 1011 1412 exemplis
1035 1334 1257 1396 demonstravit.

304 1421 334 1499 b)
356 1424 398 1482 At
422 1423 502 1498 quod
526 1423 625 1482 adfert
648 1424 735 1482 etiarn
758 1425 870 1483 scholia
893 1424 1075 1501 gravissima,
1102 1443 1177 1500 quae
1199 1426 1235 1482 ut
1258 1442 1292 1480 ex
1320 1440 1387 1498 epp.

214 1512 286 1588 ipsis
309 1513 416 1573 hausta
438 1512 506 1582 sint,
529 1513 594 1571 fieri
617 1531 675 1572 non
698 1516 804 1589 potest,
828 1514 1000 1590 intellegere
1023 1531 1181 1588 possumus
1205 1511 1330 1570 scribam
1353 1510 1386 1580 L,

216 1619 283 1660 curn
306 1619 363 1658 non
387 1601 426 1660 sit
448 1602 510 1660 veri
533 1601 629 1660 simile
654 1622 722 1663 eum
745 1602 852 1678 ipsum,
877 1621 936 1678 qua
959 1607 1022 1660 erat
1045 1601 1233 1678 negligentia,
1257 1600 1330 1659 alios
1353 1600 1386 1657 li-

216 1691 283 1750 bros
312 1689 467 1764 evolvisse,
496 1690 689 1749 vetustiorem
717 1691 846 1751 codicem
877 1691 1008 1750 melioris
1035 1691 1104 1748 fidei
1136 1689 1323 1764 excerpsisse,
1356 1689 1386 1746 in

216 1797 275 1855 quo
298 1780 370 1838 haec
394 1779 504 1838 scholia
527 1779 652 1838 collecta
675 1783 766 1838 erent.
812 1780 966 1838 Pertinent
988 1780 1042 1838 hae
1065 1783 1151 1837 notae
1174 1777 1327 1854 inprimis
1350 1777 1388 1836 ad

215 1868 369 1928 historiam
392 1868 562 1929 litterarum
585 1872 615 1927 11
639 1872 707 1927 sunt
730 1869 836 1944 procul
859 1869 949 1927 dubio
973 1870 1049 1927 bona
1072 1887 1165 1944 grene
1189 1867 1266 1926 iuter
1289 1866 1387 1942 paleas

216 1956 321 2015 vilium
351 1957 526 2016 lemmatum
554 1959 586 2015 et
612 1957 792 2017 scholiorum
820 1962 849 2016 et
877 1961 1017 2033 exoptata
1043 1956 1161 2016 residua
1189 1945 1389 2015 vetustiorum

215 2046 343 2104 fontium
373 2046 513 2104 maximae
542 2047 726 2105 auctoritatis
754 2066 849 2122 usque
873 2047 908 2104 ad
934 2047 1146 2122 Byzantiorum
1169 2065 1241 2102 aeva
1264 2047 1387 2104 servata.

217 2135 296 2203 Quas
318 2138 402 2193 notas
421 2155 553 2195 manasse
577 2155 611 2193 ex
629 2136 761 2195 fontibus
778 2135 905 2211 Cephala
928 2134 1145 2210 antiquioribus
1161 2133 1251 2192 Flach
1268 2151 1387 2208 quoque

217 2223 436 2298 demonstravit.
444 2217 469 2299 ²)
519 2224 625 2300 Itaque
648 2224 693 2284 his
717 2225 846 2299 scholiis,
879 2225 992 2284 simodo
1015 2223 1088 2282 aliae
1120 2242 1166 2282 res
1199 2220 1389 2298 gravissimae

216 2331 274 2370 non
297 2312 452 2387 obsistunt,
476 2313 549 2372 fides
571 2332 629 2371 nou
653 2317 697 2373 est
720 2314 896 2391 abroganda.

305 2401 403 2461 Huius
435 2403 550 2478 generis
583 2406 627 2460 est
659 2403 790 2462 scholion
823 2423 868 2478 ep.
893 2403 958 2462 VII.
984 2403 1071 2477 339,
1104 2401 1184 2478 quod
1216 2401 1274 2458 iam
1298 2418 1388 2475 supra

215 2527 243 2582 p.
270 2506 319 2564 19.
343 2503 532 2562 exaravimus.
540 2495 565 2574 3)
610 2500 654 2556 Ex
682 2497 779 2558 verbis
807 2485 891 2576 πλὴν
916 2483 965 2550 ὅτι
993 2484 1025 2550 ἒν
1051 2497 1119 2561 τοῖς
1145 2483 1203 2548 τοῦ
1232 2481 1388 2546 Hellade}

215 2587 456 2671 ἑπιγρᾶμμὰσιν
478 2585 595 2670 εὑρέθη
618 2587 759 2664 κείμενον
781 2586 878 2644 111111
900 2580 1013 2640 scribae
1036 2581 1061 2639 1.
1085 2585 1137 2639 aut
1162 2580 1196 2654 ei,
1225 2597 1313 2654 quern
1337 2577 1388 2635 ille

217 2683 376 2759 exscripsit,
400 2673 545 2758 syllogam
569 2698 635 2754 epp.
660 2676 797 2735 Palladae
820 2678 922 2732 notam
945 2671 1045 2740 fuisse,
1074 2689 1163 2746 quern
1187 2667 1304 2724 omniuo
1329 2684 1388 2724 cer·

216 2773 292 2831 tiora
315 2772 350 2830 de
374 2791 439 2847 epp.
460 2769 599 2828 Palladae
622 2767 696 2826 scire
711 2764 850 2837 vidimus,
874 2763 909 2822 cf.
932 2762 1073 2819 lemmata
1096 2756 1214 2833 epp.V.
1233 2756 1387 2814 701171.

216 2882 244 2937 p.
266 2862 315 2920 17.
332 2881 391 2937 seq.
430 2859 541 2930 Quare
557 2856 636 2932 quod
660 2854 837 2914 coniecimus
857 2851 1004 2927 syllogam
1019 2847 1210 2907 Palladanam
1234 2842 1389 2918 exstitisse,

216 2952 448 3009 demonstratum
473 2955 523 3007 est.
570 2946 726 3004 Praeterea
750 2942 890 3018 quoniam
913 2958 971 2998 non
994 2943 1039 2997 est
1057 2936 1121 2996 veri
1144 2934 1239 2994 simile
1262 2932 1388 2992 scribam

214 3040 241 3098 L
268 3039 339 3098 alios
362 3039 460 3098 fontes
487 3035 653 3094 adhibuisse
677 3033 724 3092 vel
751 3030 919 3107 inspexisse,
951 3030 981 3086 et
1011 3026 1152 3102 quoniam
1179 3022 1294 3082 Finsler
1320 3022 1340 3081 1.
1368 3021 1387 3080 1.

216 3149 243 3205 p.
262 3129 335 3187 157.
358 3127 516 3204 explicavit
539 3124 664 3197 eundem
687 3120 812 3180 scribam
836 3118 915 3177 haud
938 3115 1026 3175 dubie
1042 3113 1236 3174 vetustiorem
1259 3110 1389 3170 codicem

216 3217 402 3294 anthologiae
419 3215 601 3291 Cephalanae
618 3210 814 3287 exscripsisse,
830 3208 895 3267 fieri
918 3225 976 3265 non
999 3207 1104 3280 potest,
1128 3202 1201 3279 quin
1221 3217 1389 3260 censeamus

217 3306 373 3383 cephalam
403 3306 500 3381 ipsum
529 3304 584 3362 hoc
607 3300 739 3360 scholion
762 3297 972 3373 composuisse,
1000 3293 1102 3368 itaque
1126 3291 1272 3367 syllogam
1295 3287 1388 3346 Palla·

217 3396 322 3455 danam
345 3395 374 3452 in
398 3394 534 3452 manibus
556 3391 694 3450 tenuisse.
732 3387 831 3446 Verba
850 3378 891 3443 rel
910 3378 967 3441 111
984 3374 1139 3439 Hellade}
1155 3371 1388 3456 ἐπιγράμματα

217 3485 312 3560 primo
336 3485 445 3542 obtutu
468 3482 538 3539 nihil
564 3479 729 3556 significant
751 3475 807 3534 nisi
830 3473 1031 3533 collectionem
1048 3489 1114 3545 epp.
1130 3466 1268 3527 Palladae
1290 3464 1388 3523 unius.

216 3574 259 3632 At
281 3593 348 3631 curn
371 3573 501 3648 primum
525 3566 733 3627 deliberaveris
761 3567 873 3623 ceteras
896 3561 959 3619 fere
982 3578 1083 3619 omnes
1109 3555 1294 3632 anthologias
1322 3573 1388 3629 epp.

217 3662 384 3721 nominibus
412 3680 515 3718 eorum
543 3656 699 3733 appellari,
733 3653 786 3730 qui
814 3671 862 3711 eas
890 3654 920 3708 et
947 3649 1176 3725 composuerunt
1204 3649 1234 3731 et
1260 3643 1389 3720 plurima

218 3834 346 3887 auctiora
364 3833 505 3902 legantur.
539 3829 632 3894 Quem
650 3825 829 3894 investigans
848 3822 947 3876 inveni
966 3818 1124 3875 editionem
1143 3815 1304 3898 principem
1323 3814 1389 3895 1111-

217 3906 360 3960 rentinam
378 3921 402 3958 a.
418 3902 495 3956 1494.
509 3900 583 3971 (1³11)
602 3896 747 3970 quondam
760 3893 928 3950 monasterii
941 3890 1125 3959 Ottoburani,
1145 3903 1227 3942 cu1us
1245 3903 1276 3938 111
1288 3901 1389 3967 priori-

217 3976 271 4031 bus
289 3976 369 4032 foliis
388 3973 498 4028 scholia
516 3971 675 4026 recentiore
694 3985 781 4022 manu
800 3969 958 4021 atramento
978 3961 1015 4015 ad
1034 3960 1149 4043 singula
1167 3975 1232 4027 epp.
1246 3955 1390 4024 adscripta

217 4054 293 4113 sunt,
306 4063 380 4117 quae
390 4044 531 4116 paulatim
540 4042 694 4096 tabescunt
704 4045 733 4094 11
742 4041 897 4093 rarescunt.
917 4034 1000 4100 Quae
1009 4032 1121 4086 scholia
1130 4028 1218 4084 verbo
1227 4033 1312 4081 tenus
1322 4042 1390 4079 con·

217 4120 323 4174 sentire
338 4134 404 4172 cum
422 4115 541 4170 scholiis
551 4111 747 4168 Wechelianis
761 4109 821 4164 vidi
841 4112 954 4178 praeter
973 4120 1066 4175 pauca
1084 4101 1173 4156 verbe
1186 4099 1389 4167 discrepantra.

307 4190 327 4260 ¹)
346 4187 532 4258 significatur
551 4185 574 4239 C
593 4201 610 4238 1
628 4182 768 4236 Finslero.
805 4181 850 4233 De
870 4195 927 4249 quo
945 4182 1093 4248 praetcrea
1111 4169 1325 4233 Stadtmueller,
1344 4167 1388 4250 ed.

217 4263 306 4331 praef.
319 4259 405 4331 p.VI.
417 4258 486 4312 etin
495 4251 816 4322 not.ud.Weisshacupl
825 4247 1082 4318 π(1111111111111111.
1096 4243 1191 4316 plor.
1209 4241 1297 4295 verba
1309 4240 1388 4294 fec1t.

306 4331 437 4403 Ι)Ι«’11111
455 4329 486 4382 in
505 4328 549 4382 ed.
569 4325 711 4394 Hesychii
730 4323 863 4378 Onomat.
882 4319 971 4392 praef.
991 4336 1019 4389 p.
1032 4317 1130 4371 XVII.

307 4403 327 4474 8)
347 4403 414 4469 Quo
437 4399 523 4455 modo
547 4398 686 4468 scriptum
709 4396 747 4449 sit
770 4393 904 4462 ligaturis
928 4398 957 4445 et
975 4389 1094 4457 rasuris,
1119 4384 1325 4442 Studtmueller
1344 4380 1389 4436 ed.

217 4475 306 4546 praef.
326 4493 352 4544 p.
366 4474 450 4528 XIX.
469 4479 601 4526 accurate
620 4473 710 4523 notat.
