3372 5210
763 306 985 364 -44-

288 505 371 544 mum
395 483 422 542 01
444 502 562 561 parasse
585 484 712 554 videtur,
735 503 804 542 nam
826 502 943 559 semper
962 485 1055 542 artem
1079 482 1302 560 grammaticam
1324 483 1354 541 in
1371 483 1462 542 maxi·

288 574 344 633 mis
368 573 452 632 malis
469 574 560 646 00011,
582 591 647 631 eam
662 575 781 648 praeter
796 591 916 632 uxorem
937 572 1063 632 ri'xosam
1079 572 1287 648 gravissimum
1302 591 1366 632 esse
1390 591 1464 632 onus

287 663 417 735 dictitat,
439 663 521 738 0000
543 663 688 722 sustineat
711 661 803 720 vitam
825 660 1018 720 miserrimam
1041 679 1139 738 agens,
1169 661 1206 720 cf.
1223 680 1289 736 epp.
1313 660 1365 719 lx.
1391 662 1463 736 168,

290 753 362 826 169,
380 751 452 825 172,
473 753 511 811 X.
528 753 579 822 97,
604 753 654 824 44,
679 745 741 809 XI.
759 750 833 818 279,
856 751 930 809 303.
968 749 1047 819 Quas
1075 751 1234 809 sententias
1257 749 1371 808 variare
1395 769 1464 809 eum

287 859 439 916 nunquam
471 841 570 918 piget,
603 859 757 916 nunquam
787 843 877 915 poeta
908 843 1003 898 000001
1034 838 1187 916 deplorare
1219 838 1308 897 vilem
1341 839 1463 914 victum,

286 948 442 1005 nunquam
473 935 616 1006 gravatus
644 931 688 987 001
716 928 880 987 molestiam
910 928 982 987 artis
1011 947 1080 988 suae
1108 927 1250 1003 conqueri
1280 927 1342 987 sive
1370 927 1464 1004 indig-

286 1019 406 1076 natione
435 1018 626 1076 exacerbatus
654 1017 715 1077 sive
743 1016 891 1076 hilaritate
919 1016 1070 1093 ingeniosa
1098 1017 1224 1076 illudens
1247 1016 1345 1076 fatum
1367 1035 1462 1086 suum,

287 1107 325 1165 ef.
342 1125 366 1165 e.
382 1127 410 1182 g.
427 1125 473 1182 ep.
488 1107 539 1165 IX.
558 1107 629 1181 170,
647 1127 690 1183 ep.
707 1105 759 1165 XI.
777 1107 849 1166 383.
882 1106 981 1164 Etiam
1004 1105 1149 1164 voeabula
1164 1105 1235 1164 artis
1259 1123 1328 1164 suae
1344 1106 1464 1180 propria

286 1195 384 1254 iocose
399 1196 576 1270 detorquere
593 1199 623 1254 et
637 1195 748 1255 ironice
771 1195 894 1253 illudere
911 1195 996 1270 sapit,
1020 1195 1058 1254 01.
1073 1215 1139 1270 epp.
1160 1194 1212 1252 XI.
1229 1195 1303 1266 383,
1320 1195 1370 1252 lX.
1389 1194 1463 1264 175,

286 1284 386 1343 minus
408 1289 530 1344 venuste
553 1285 603 1342 IX.
629 1285 702 1354 489,
727 1284 815 1342 etiam
840 1284 1025 1360 quaestiones
1048 1283 1262 1360 etymologieas
1284 1285 1395 1342 tractat
1417 1303 1462 1358 ep.
1517 1346 1520 1351 ,

287 1372 338 1431 ΙΧ.
364 1373 437 1448 502,
460 1377 495 1432 01
518 1373 635 1432 omnino
659 1372 758 1432 verbis
780 1373 883 1431 ludere
913 1372 940 1430 01
967 1372 997 1429 in
1026 1372 1138 1430 deliciis
1167 1391 1229 1432 esse
1252 1371 1402 1445 videmus,
1425 1371 1462 1430 cf.

287 1481 352 1538 epp.
376 1461 492 1521 inficete
514 1463 548 1519 X.
575 1459 631 1536 34,
655 1463 705 1536 73,
728 1461 780 1520 ΧΙ.
805 1463 878 1521 823.
923 1461 1032 1518 Tamen
1056 1461 1192 1519 Pallados
1220 1479 1250 1520 se
1277 1480 1337 1522 non
1364 1479 1463 1542 γραμ-

285 1545 442 1631 ματιστήν
464 1551 511 1610 vel
539 1543 901 1630 γραμματοδιδάσκαλον
924 1549 1023 1622 fuisse,
1060 1550 1111 1608 sed
1142 1544 1378 1629 γραμματικόν,
1411 1551 1463 1625 001

285 1657 394 1716 pueros
422 1639 453 1698 in
486 1639 593 1699 litteris
616 1640 675 1698 iam
703 1657 876 1716 progressos
908 1639 1023 1710 000001,
1056 1639 1117 1713 ipse
1150 1633 1261 1716 010111)
1313 1638 1399 1708 0000
1428 1657 1463 1698 00

288 1746 406 1804 000000
422 1729 650 1803 demonstratur,
675 1729 755 1804 0000
771 1727 950 1786 Callimacho
974 1732 1004 1786 et
1019 1727 1146 1786 Pindaro
1162 1731 1283 1803 praeter
1298 1727 1463 1786 Homerum

287 1817 403 1876 vacavit
426 1817 463 1876 cf.
479 1838 524 1892 ep.
540 1817 591 1877 IX.
615 1818 686 1876 175.
719 1817 854 1875 Ρο110000
877 1836 944 1876 oum
969 1816 1034 1876 aliis
1059 1835 1125 1892 epp.
1150 1818 1357 1892 paupertatem
1379 1835 1463 1876 suam

287 1905 474 1976 lamentatur,
499 1909 565 1966 tum
581 1906 646 1966 aliis
669 1925 736 1982 epp.
751 1905 902 1965 invehitur
925 1906 955 1963 in
970 1905 1078 1965 divites
1099 1924 1262 1981 eorumque
1285 1905 1462 1980 superbiam,

287 1994 376 2069 0000,
400 1998 435 2053 01
451 1994 552 2068 faciat,
573 2013 633 2054 non
655 1995 744 2055 modo
768 2015 802 2053 ea
817 2013 849 2053 re
865 1999 1030 2054 commotus
1046 2013 1107 2054 esse
1130 1994 1258 2066 videtur,
1282 1993 1361 2069 0000
1377 1993 1462 2052 10101-

286 2082 369 2156 lexit,
391 2102 479 2158 quam
495 2103 588 2143 vanae
612 2087 708 2144 essent
732 2083 858 2154 divitiae,
881 2083 933 2142 000
956 2084 1047 2142 etiam
1068 2084 1148 2159 quod
1170 2083 1206 2142 iis
1229 2083 1386 2158 invidebat,
1410 2083 1463 2157 qui

286 2173 473 2248 prosperiore
500 2173 619 2231 fortuna
641 2173 817 2245 utebantur,
851 2173 886 2232 of.
910 2193 976 2248 epp.
1000 2172 1051 2235 lx.
1077 2173 1150 2244 172,
1175 2174 1260 2243 394,
1275 2173 1309 2235 Χ.
1335 2173 1385 2245 60,
1411 2172 1461 2245 61,

289 2262 340 2332 62,
365 2261 415 2330 63,
441 2261 492 2334 83,
515 2261 568 2320 ΧΙ.
591 2263 664 2335 289,
689 2263 763 2328 290,
787 2263 860 2333 299,
885 2262 958 2333 301,
984 2263 1056 2332 302,
1081 2261 1155 2320 204.

376 2349 512 2408 Ρο110000
536 2369 605 2408 cum
628 2368 687 2426 quo
711 2351 805 2426 magis
829 2354 999 2424 senesceret,
1022 2369 1057 2410 00
1079 2350 1190 2408 maiore
1206 2353 1381 2426 paupertate
1397 2369 1461 2425 pre·

286 2441 430 2507 meretur,
470 2443 634 2498 commotus
667 2458 728 2500 esse
761 2431 891 2510 videtur,
923 2442 959 2497 01
991 2459 1078 2499 senes
1109 2443 1203 2498 artem
1238 2438 1461 2516 grammaticam

286 2525 447 2585 desereret:
475 2547 520 2603 ep.
540 2527 592 2585 IX.
615 2528 687 2588 171.
707 2547 738 2588 00
755 2525 846 2588 libros
864 2546 934 2588 0000
951 2528 1078 2588 vendere
1101 2535 1131 2587 01
1153 2528 1235 2587 01100
1257 2528 1370 2603 0110010
1393 2545 1459 2587 0οι-

286 2615 384 2690 cipere
399 2615 529 2690 (licitae
544 2615 622 2676 fame
637 2620 753 2693 pereat3
768 2617 868 2692 eplX.
878 2617 950 2676 175.
965 2617 1058 2678 111000
1074 2620 1235 2690 enumerat,
1249 2634 1323 2693 quos
1338 2617 1462 2692 pecunia

286 2704 427 2764 exhauste
455 2706 609 2782 discipulis
632 2706 770 2784 digressis
797 2705 912 2779 vendit,
941 2725 986 2782 ep.
1009 2706 1071 2764 XI.
1086 2707 1159 2766 378.
1183 2710 1245 2764 arte
1269 2705 1462 2782 grammatica

286 2793 400 2852 deserta
423 2795 550 2870 scripsit.
596 2795 682 2866 Quod
698 2795 826 2854 officium
844 2795 979 2854 Palladas
995 2800 1098 2871 postea
1114 2794 1284 2870 susceperit,
1306 2793 1461 2865 nescimus,

288 2900 356 2939 cum
373 2901 448 2957 quae
464 2883 574 2942 indicat
589 2904 634 2960 ep.
651 2885 688 2944 X.
705 2885 756 2958 97,
771 2884 929 2943 incertiora
944 2884 1010 2956 sint,
1030 2904 1119 2959 quam
1135 2887 1171 2941 01
1187 2901 1224 2942 ex
1240 2883 1282 2942 010
1298 2883 1462 2959 quidquam

286 2969 402 3028 efficere
430 2973 585 3046 possimus
632 2972 689 3031 Sed
717 2973 779 3032 veri
813 2991 874 3032 0000
907 2973 1001 3032 simile
1031 2973 1150 3032 videtur
1176 2975 1296 3049 poetam
1328 2976 1462 3032 nostrum

286 3060 481 3135 grammatica
504 3062 608 3120 relicta
630 3061 719 3120 rebus
740 3059 962 3120 secundioribus
977 3081 1065 3122 usum
1082 3081 1153 3134 esse,
1169 3062 1248 3138 quod
1265 3065 1380 3138 praeter
1396 3081 1461 3136 000.

285 3148 382 3206 fatum
405 3148 518 3207 malum
542 3149 726 3226 deplorantis
749 3149 808 3209 alia
830 3150 995 3210 invenimus
1022 3171 1102 3227 epp,
1130 3151 1238 3226 quihus
1266 3150 1460 3226 epigramma·

285 3236 381 3297 tarius
404 3243 503 3298 nester
526 3257 556 3298 se
580 3241 659 3298 sorte
683 3257 744 3309 sua,
773 3241 900 3316 angusta
926 3240 1060 3316 quidem,
1091 3242 1263 3298 contentum
1291 3257 1353 3298 esse
1381 3237 1462 3314 dicit,

286 3325 323 3386 01.
342 3345 407 3401 epp.
424 3327 474 3386 IX.
493 3327 565 3387 172.
589 3318 725 3408 (ἤλυθον
746 3320 791 3398 εἰς
814 3323 938 3406 λιμένα)
960 3329 1034 3388 item
1049 3349 1095 3404 ep.
1111 3323 1173 3386 IX.
1190 3327 1244 3396 49,
1268 3320 1460 3408 1Χ.134[5,

285 3416 321 3474 Χ.
346 3417 397 3474 86.
442 3417 565 3474 Munere
587 3415 707 3491 publico
730 3436 799 3476 eum
822 3437 881 3476 non
903 3419 1040 3479 functum
1063 3437 1124 3478 esse
1147 3418 1216 3476 inde
1231 3435 1373 3493 apparere
1388 3415 1462 3474 mihi

284 3502 418 3573 ridetur,
447 3504 527 3580 quod
562 3505 712 3564 interdum
741 3506 777 3565 de
804 3509 1027 3586 magistratibus
1055 3507 1181 3584 maligne
1209 3507 1330 3577 iudicat,
1359 3508 1461 3580 0100.

285 3591 337 3648 IX.
362 3593 434 3652 393.
467 3593 504 3652 00
527 3593 748 3671 magistratibus
779 3585 949 3673 Aegyptiis,
982 3616 1027 3671 ep.
1050 3597 1100 3654 ΧΙ.
1126 3597 1198 3655 292.
1231 3596 1267 3654 00
1299 3594 1461 3654 Themistio

284 3681 447 3756 praefecto,
474 3682 505 3740 in
528 3702 588 3759 quo
612 3703 656 3759 ep.
687 3685 811 3742 fortasse
835 3685 949 3760 aliquid
970 3684 1097 3742 invidiae
1127 3685 1222 3743 inesse
1253 3684 1284 3740 in
1316 3683 1460 3757 collegam

176 3833 180 3846 Ι
285 3769 398 3828 10110100
421 3770 601 3831 incrementa
624 3772 804 3850 dignitatum
827 3775 993 3831 assecutum
1016 3778 1111 3847 putes.

374 3858 511 3918 Alterum
534 3862 655 3936 malum,
679 3861 759 3936 quod
781 3880 899 3938 gemere
921 3878 1074 3934 nunquam
1097 3859 1183 3918 desiit
1205 3858 1330 3934 010000
1348 3857 1461 3917 0101100

285 3965 375 4023 quam
398 3952 491 4007 artem
514 3968 609 4024 suam,
642 3949 765 4010 fortasse
792 3969 886 4025 usque
915 3948 952 4006 00
981 3951 1106 4007 mortem
1134 3967 1218 4008 suam
1246 3947 1383 4022 pertulit,
1417 3950 1462 4007 est

284 4054 382 4096 uxor.
426 4037 470 4096 De
502 4039 634 4121 nequitia
665 4039 764 4098 uxoris
797 4040 845 4097 vel
876 4037 1010 4096 omnium
1041 4037 1200 4096 mulierum
1232 4037 1361 4112 plmima
1394 4056 1460 4112 epp.

285 4124 423 4183 Palladae
447 4126 557 4202 scripta
580 4127 658 4202 sunt,
681 4146 823 4186 enumero
846 4147 910 4203 epp.
934 4127 985 4186 IX.
1011 4127 1197 4200 165-169,
1219 4127 1256 4186 Χ.
1274 4127 1324 4196 50,
1342 4128 1392 4197 55,
1411 4126 1460 4198 56,

375 4331 395 4399 ¹)
420 4331 487 4398 Qua
509 4351 538 4386 re
557 4334 589 4386 hi
608 4335 684 4388 inter
703 4350 733 4388 se
753 4333 900 4404 differant,
920 4335 1078 4407 explicarit
1098 4333 1287 4402 Grasberger,
1307 4330 1411 4386 Geseh.
1432 4328 1459 4386 d.

285 4402 470 4458 Unterriohts
481 4404 519 4458 II.
539 4423 567 4476 p.
580 4406 641 4461 200.
661 4411 690 4460 01
709 4405 770 4460 258.
