3372 5210
677 315 897 372 „27-

201 485 285 550 oillei
313 483 434 571 ἐπῆρα·
465 492 537 550 item
561 511 623 568 cap.
641 493 704 550 27.;
738 486 962 570 προστατήσας
989 490 1130 571 θατέρου
1154 486 1217 549 τών
1239 487 1295 573 τῆς
1322 487 1380 572 γῆς

202 574 387 662 ὀφθαλμῶν
409 572 465 639 οὐκ
489 573 646 660 ἐγενόμην,
670 565 696 637 ὦ
718 574 786 652 τᾶν,
810 575 1063 659 χθομαλιίντερος
1091 572 1165 638 οὐδὲ
1193 572 1379 661 α’ντοβέβηκα

202 666 401 750 φνλοοοφίαν.

293 758 427 828 Quibus
460 759 617 835 cognitis
645 758 809 817 omnibus
847 757 1107 840 concedendum
1151 764 1204 818 est
1236 778 1298 834 ep,
1340 760 1380 817 de

204 867 271 924 quo
310 848 462 924 agimus,
500 847 727 906 referendum
768 865 842 906 esse
878 847 919 905 ad
955 847 1144 906 'themistii
1182 848 1380 906 orationem

203 937 337 996 XXXIV.
362 955 473 1012 eaque
497 936 659 995 oratione
682 935 918 994 T‘hcmietium
940 935 1126 1011 impetum,
1154 936 1216 1012 qui
1243 937 1307 995 hoc
1331 957 1381 1014 ep.

203 1027 325 1085 lactus
357 1028 422 1101 est,
454 1025 672 1101 reppulisse,
705 1024 878 1100 praesertim
911 1045 979 1084 cum
1010 1025 1149 1084 lemmata
1181 1025 1244 1100 ipsa
1275 1045 1382 1084 nomen

203 1115 358 1174 Themistii
382 1134 448 1174 eum
466 1115 518 1172 illo
535 1133 580 1190 op.
597 1113 785 1191 coniungant.
831 1113 955 1173 Accedit
970 1113 1050 1189 quod
1067 1134 1111 1190 ep.
1126 1114 1155 1171 in
1173 1113 1382 1189 philosophum

203 1223 262 1262 non
287 1203 420 1279 quolibet
436 1219 559 1262 munere
573 1207 709 1262 ornatum
726 1203 869 1280 scriptum
885 1206 938 1272 est,
954 1203 1006 1260 sed
1021 1203 1118 1261 verbis
1138 1193 1234 1276 ἄντυξ
1251 1195 1383 1282 α’ργνρίη

205 1296 318 1352 certum
342 1311 451 1350 munus
474 1291 667 1369 significatur.
713 1291 891 1368 Carpentum
916 1292 994 1350 inter
1015 1291 1142 1369 insignia
1164 1291 1382 1368 praefectorum

205 1386 236 1440 et
257 1381 406 1458 praetorio
436 1383 466 1438 et
493 1381 562 1440 urbi
590 1400 653 1441 esse
682 1380 803 1440 tabulae
834 1381 866 1438 in
898 1380 1003 1439 notitia
1036 1380 1216 1457 dignitatum
1248 1381 1383 1458 adpictae

205 1464 352 1549 docent.¹)
398 1470 578 1530 'themistius
600 1470 663 1546 ipse
687 1469 819 1546 carpenti
847 1470 923 1546 signi
951 1468 1019 1527 urbi
1047 1469 1269 1546 praefectorum
1297 1489 1383 1545 saepe

205 1559 383 1618 mentionem
412 1559 498 1618 facit:
531 1561 604 1618 orat.
628 1555 734 1616 XXXI.
758 1578 786 1633 p.
804 1559 890 1616 353⁸
910 1577 1018 1616 munus
1050 1577 1137 1616 suum
1170 1559 1224 1616 hac
1257 1558 1383 1635 imagine

205 1647 364 1725 signifieat:
388 1641 535 1726 τάραχον
557 1640 661 1725 ἑαυτῷ
684 1645 855 1705 ποιεῖσθαι
879 1639 943 1704 δεῖν
966 1637 1045 1724 ᾤετό
1069 1664 1109 1722 με
1133 1638 1382 1726 ὁαῦτοκράτωρ,

206 1741 296 1812 atque
320 1739 493 1812 carpentum
517 1740 691 1812 argenteum
715 1738 937 1794 commemorat:
960 1735 1030 1794 ibid.
1054 1755 1083 1810 p.
1101 1730 1264 1794 ansberto
1287 1727 1384 1814 ἔπαρ-

206 1820 310 1904 γνῖρεον
343 1816 518 1905 ὀχημάτων.
565 1824 672 1900 ltaque
705 1843 763 1882 non
795 1827 840 1883 est
868 1824 1078 1896 dubitandum,
1112 1825 1183 1900 quin
1211 1828 1315 1884 auctor
1338 1845 1383 1900 ep.

206 1913 388 1989 praefectum
415 1913 497 1972 urbis
526 1913 557 1970 in
585 1916 681 1972 mente
710 1913 860 1985 habuerit3
899 1933 958 1989 qua
981 1931 1012 1970 re
1036 1913 1131 1989 magis
1155 1933 1383 1987 commoremur,

205 2007 242 2061 ut
266 2021 311 2078 ep.
336 2002 372 2060 ad
395 2002 470 2060 hanc
495 2003 657 2061 orationem
681 2002 828 2078 pertinere
852 2001 1003 2060 ducamus.

297 2092 396 2166 Atque
430 2092 510 2149 aliud
543 2091 629 2150 docet
656 2091 728 2150 haec
762 2091 869 2150 oratio:
903 2091 935 2150 Si
968 2090 1263 2163 consideraverimus,
1296 2110 1384 2166 quam

208 2184 374 2239 constanter
396 2199 430 2238 ac
453 2181 587 2256 graviter
610 2179 791 2238 Themistius
814 2199 845 2238 se
869 2180 904 2237 ab
927 2180 1016 2238 huius
1040 2199 1083 2254 ep.
1108 2180 1224 2254 impetu
1239 2179 1384 2254 defendat,

209 2269 312 2344 quanti
336 2269 472 2328 aestimet
494 2268 643 2345 honorem,
668 2287 727 2346 quo
751 2268 787 2326 ab
810 2268 987 2344 imperatore
1015 2268 1136 2327 allectus
1164 2272 1220 2342 est,
1249 2269 1386 2345 quotiens

209 2377 240 2416 se
263 2377 332 2416 vcro
354 2356 563 2433 philosophum
592 2375 655 2416 esse
684 2358 842 2416 contendat
873 2357 1038 2434 praeceptis
1071 2357 1317 2433 philosophorum
1349 2358 1385 2415 de

208 2466 239 2504 re
268 2446 387 2521 publica
415 2445 645 2504 administranda
674 2445 862 2519 obsecutum,
895 2450 1077 2523 quantopere
1103 2446 1146 2516 id,
1180 2446 1260 2522 quod
1289 2447 1316 2504 ei
1338 2466 1385 2521 ep.

208 2535 368 2610 opprobrio
391 2535 492 2610 datur,
516 2554 574 2594 non
607 2535 705 2595 solum
737 2536 791 2594 hac
824 2532 957 2594 oratione
985 2538 1053 2611 post
1081 2555 1189 2594 munus
1218 2535 1385 2611 depositum
1476 2609 1477 2612 Ἴ

207 2624 317 2694 habita,
343 2625 393 2683 sed
417 2624 504 2683 etiam
528 2644 582 2700 per
605 2628 698 2683 totam
722 2624 813 2683 vitam
837 2625 1017 2698 laudarent,
1046 2624 1192 2681 neminem
1215 2625 1277 2681 fore
1300 2632 1385 2700 puta·

209 2712 316 2785 bimus,
340 2713 412 2788 quin
436 2713 577 2772 concedat
600 2713 835 2771 Themistium
859 2731 1082 2788 nequaquam
1105 2713 1169 2770 hoc
1192 2731 1241 2788 ep.
1271 2712 1383 2787 scrip·

209 2802 313 2870 sisse,
338 2801 398 2862 sed
420 2805 604 2860 auctorem
637 2801 732 2858 inter
769 2801 957 2862 'themistii
994 2801 1226 2860 adversarios
1263 2801 1385 2860 fuisse.

208 2889 310 2951 Unde
333 2890 500 2964 sequitur
525 2890 665 2958 codices
689 2889 846 2950 alterius
861 2889 1016 2966 generis,
1034 2891 1128 2965 quod
1144 2889 1389 2966 distinximuS,

210 2977 342 3036 falsum
364 2978 515 3037 tradere.
1075 2985 1078 2994 '

299 3065 374 3125 Cum
397 3087 432 3124 ex
455 3068 585 3127 oratione
601 3063 735 3128 XXXIV.
759 3068 866 3141 habita,
889 3073 1046 3146 postquam
1070 3087 1177 3127 munus
1193 3088 1210 3126 a
1225 3068 1387 3126 Theodosio

209 3159 363 3233 acceptum
395 3156 455 3214 iam
488 3157 638 3233 deposuit,
671 3161 827 3234 appareret
860 3158 1053 3218 Themistium
1087 3156 1122 3216 de
1151 3157 1338 3232 praefectura
1371 3175 1388 3213 a

210 3245 374 3304 Theodosio
398 3248 519 3321 accepta
541 3247 630 3304 verba
654 3247 759 3320 facere,
783 3246 872 3306 huius
895 3266 1014 3323 quoque
1039 3266 1084 3321 ep.
1108 3249 1212 3306 auctor
1235 3245 1308 3302 nihil
1331 3243 1387 3302 nisi

209 3334 426 3408 praefecturam
463 3355 480 3392 a
508 3335 672 3394 Theodosio
709 3339 859 3411 acceptam
891 3329 921 3392 iri
953 3335 1050 3392 animo
1083 3333 1195 3392 habuit.
1252 3332 1386 3401 Quocum

209 3425 344 3497 pugnant
360 3422 481 3494 codices,
506 3425 558 3498 qui
581 3427 634 3481 aut
649 3424 704 3481 sub
714 3423 920 3480 Valentiniano
940 3429 969 3481 et
980 3422 1103 3480 Valente
1127 3426 1180 3479 aut
1195 3423 1250 3480 sub
1266 3421 1387 3480 Juliano

211 3509 405 3570 Themistium
425 3511 608 3586 praefectum
627 3511 717 3569 fuisse
736 3513 847 3568 notant.
877 3509 909 3570 si
923 3510 1183 3570 deliberaverimus
1193 3510 1387 3570 Themistium

211 3602 264 3657 aut
282 3598 385 3657 statim
401 3603 454 3656 aut
476 3609 534 3658 non
557 3600 652 3658 multo
675 3606 744 3674 post
767 3599 803 3656 ab
826 3600 941 3675 impetu
964 3620 1009 3676 ap.
1033 3619 1063 3660 se
1080 3599 1272 3660 defensurum
1291 3619 1387 3674 neque

211 3688 377 3763 complures
392 3707 483 3748 annos
499 3689 774 3764 praetermissurum
791 3688 890 3760 fuisse,
907 3690 987 3765 quin,
1011 3689 1089 3766 quod
1107 3689 1135 3747 ei
1150 3689 1222 3748 vitio
1239 3690 1387 3747 tributum

301 3915 320 3980 ²)
341 3914 430 3966 Deest
449 3911 566 3982 quidem
585 3913 686 3968 tabula
704 3913 864 3983 insignium
883 3913 1022 3984 praefecti
1047 3913 1127 3967 urbis
1146 3913 1260 3984 Opolis,
1289 3917 1386 3965 tamen

212 3983 338 4050 insignia
357 3984 444 4037 huius
463 3984 602 4054 praetecti
621 3985 700 4039 haud
720 3985 833 4039 diversa
852 3985 941 4038 tuisse
954 3985 1015 4038 veri
1034 3991 1077 4038 est
1096 3984 1191 4038 simile
1210 3983 1247 4038 ab
1266 3983 1387 4052 insigni-

212 4053 267 4106 bus
294 4056 434 4122 praefecti
463 4055 543 4108 urbis
566 4055 689 4124 Romae,
718 4057 750 4110 in
778 4056 884 4126 quibus
913 4061 1008 4109 exstat
1031 4060 1211 4126 carpentum,
1241 4055 1276 4108 cf.
1301 4053 1386 4108 notit.

213 4124 346 4193 dignitat.
361 4125 404 4180 ed.
418 4142 435 4178 a
447 4125 601 4179 Pancirolo
620 4145 648 4196 p.
664 4129 723 4181 117.
743 4127 941 4181 commentarii
961 4135 989 4181 et
1007 4145 1035 4196 p.
1051 4127 1092 4180 18.
1123 4126 1316 4194 Pancirolum,
1337 4124 1387 4195 qui

213 4195 248 4249 de
268 4201 405 4266 carpento
425 4201 525 4249 aurato
546 4196 701 4265 cogitabat,
721 4199 870 4268 Boecking
883 4198 1000 4269 repellit
1018 4198 1049 4252 in
1069 4197 1112 4251 ed.
1131 4203 1191 4252 not.
1212 4196 1269 4266 dig.
1289 4196 1386 4251 adnot.

214 4285 275 4338 cap.
296 4269 356 4338 3A,
381 4267 432 4321 ubi
457 4272 625 4338 carpentum
650 4276 817 4338 argenteum
837 4270 927 4324 fuisse
946 4269 1130 4324 demonstrat.
1170 4269 1235 4334 Qua
1254 4268 1289 4322 de
1309 4285 1339 4322 re
1359 4274 1387 4321 et

213 4337 249 4390 de
268 4345 366 4393 nostro
387 4356 430 4409 ep.
452 4339 650 4395 Gothoircdus
669 4339 787 4393 uberius
807 4341 866 4409 egit
889 4341 920 4394 in
940 4341 1145 4410 commentario
1166 4339 1275 4394 codicis
1293 4339 1387 4413 Thea.

214 4408 325 4462 dosiani
346 4410 396 4464 lib.
410 4411 492 4465 XIV.
512 4411 556 4464 tit.
573 4412 613 4467 12.
