3372 5210
787 323 1004 380 „22-

395 503 448 578 hp.
472 501 523 558 XI.
548 494 622 562 173.
645 499 777 576 Philippi
804 500 835 558 in
863 501 909 571 P.,
937 497 967 557 in
992 499 1035 559 Pl.
1063 493 1120 558 acri
1149 491 1249 558 αὐτοῦ
1273 495 1325 580 (sc.
1353 499 1485 578 Licinii)

307 591 467 651 Salmasius
490 590 520 648 in
544 588 622 648 notis
645 589 707 648 suis
729 592 808 648 recte
835 584 1001 647 Φιλίππου
1024 588 1141 658 indicat,
1165 589 1216 647 sed
1239 588 1268 646 in
1285 588 1362 648 libro
1377 607 1431 649 sno
1448 588 1485 648 de

305 680 407 740 usuris
429 678 571 754 inscripto
595 671 737 736 Palladae
759 677 815 737 hoc
839 697 884 754 ep.
913 676 1054 737 adscribit
1080 677 1176 736 causis
1203 695 1261 734 non
1289 677 1409 750 additis,
1437 679 1485 738 cui

307 769 415 828 Jacobs
439 767 607 826 assentitur.
654 766 739 835 Quod
762 766 902 825 altimum
926 787 971 842 ep.
995 766 1099 842 capitis
1116 759 1172 841 (εἷς
1186 761 1408 847 μικρολόγους)
1432 772 1484 840 est,

306 857 468 934 uariamque
499 858 606 932 poetae
640 854 733 914 tribui
760 859 871 931 potest,
899 875 966 914 nam
993 855 1139 914 neminem
1167 855 1255 914 tidem
1278 855 1384 914 habere
1408 856 1484 933 puto

307 946 394 1006 seriei
416 944 627 1021 alphabeticae,
652 964 740 1024 qnam
758 943 940 1003 Sakolowski
964 963 995 1003 se
1018 945 1161 1004 invenisse
1176 937 1337 1020 partitione
1353 945 1484 1020 capitam

307 1036 443 1112 neglecta
466 1032 547 1092 dicit.
593 1031 659 1092 Non
683 1033 825 1092 habemus
849 1052 902 1093 cur
924 1053 942 1090 a
957 1033 1097 1109 Philippo
1120 1033 1176 1092 hoc
1198 1053 1243 1109 ep.
1275 1033 1485 1107 abiudicemus,

307 1121 484 1200 praesertim
508 1141 576 1180 curn
598 1122 673 1180 nihil
695 1122 803 1181 habeat
826 1121 963 1180 Palladae
987 1121 1105 1198 ingenii.

397 1212 451 1287 Ep.
469 1205 508 1270 X
527 1205 580 1273 31.
604 1211 635 1268 in
658 1217 786 1287 utraque
809 1211 980 1288 anthologia
995 1210 1126 1270 Lucieno
1143 1210 1329 1286 adscribitur,
1353 1212 1485 1272 Jacobs

307 1303 387 1360 solus
419 1301 451 1358 in
483 1298 554 1358 alic
588 1300 710 1359 codice
740 1300 880 1359 ‘Palladae
915 1317 977 1358 essa
1014 1303 1105 1360 notat
1161 1299 1234 1358 (lam
1268 1303 1367 1359 eatan
1400 1301 1484 1360 illum

308 1391 439 1452 codicem
466 1389 648 1464 ignoremus,
683 1389 764 1464 quod
791 1389 923 1448 traditur
950 1388 979 1446 in
1005 1388 1125 1464 optimis
1149 1388 1310 1460 codicibus,
1343 1393 1485 1448 tenemus.

396 1478 451 1554 Ep.
470 1471 510 1536 X.
529 1473 581 1540 33.
605 1497 622 1535 a
638 1477 763 1536 Grotio
788 1482 818 1536 et
837 1476 1018 1536 Branchio
1034 1476 1172 1540 Palladae
1188 1477 1369 1554 adsignatur,
1386 1498 1486 1555 qnam·

310 1587 400 1642 qnam
422 1567 452 1624 in
476 1567 508 1624 P.
534 1571 564 1625 et
586 1567 630 1625 Pl.
656 1557 771 1646 ἄδηλον
799 1570 852 1626 est.
897 1565 1000 1642 Neque
1028 1566 1133 1647 locus,
1158 1585 1218 1642 quc
1250 1571 1358 1644 exstat,
1390 1588 1486 1645 neque

234 1695 237 1703 ·
309 1658 518 1734 argumentum
551 1674 635 1716 ansas
662 1656 798 1732 praebet,
831 1655 940 1731 quibus
968 1655 1128 1714 diiudicare
1157 1656 1315 1731 possimus,
1349 1676 1415 1715 cum
1442 1657 1487 1715 illi

308 1750 413 1821 poetae
435 1745 466 1802 in
491 1744 676 1804 sententiosis
699 1765 764 1820 epp.
788 1745 866 1802 inter
889 1764 919 1804 se
942 1739 1085 1803 simillimi
1108 1744 1176 1803 sint.

398 1832 528 1891 Jacobs
564 1833 594 1890 in
627 1833 692 1891 aliis
729 1833 906 1908 quibusdam
941 1852 1007 1908 epp.
1041 1833 1190 1909 ingenium
1224 1834 1363 1894 Palladae
1394 1835 1488 1894 inesse

309 1925 345 1982 nt
373 1921 532 1992 existimet,
565 1921 757 1980 similitudine
785 1921 1009 1991 sententiarum,
1043 1941 1118 1996 quae
1146 1923 1191 1980 his
1219 1942 1284 1998 epp.
1312 1926 1487 1998 tractantur,

310 2010 477 2070 adducitur.
523 2010 581 2068 Sed
614 2010 638 2070 si
671 2010 954 2070 consideraverimus
978 2010 1252 2086 epigrammatistas,
1281 2012 1333 2087 qui
1365 2014 1488 2072 saeculis

310 2121 339 2176 p.
363 2098 429 2158 Ghr.
452 2119 480 2159 n.
504 2099 634 2170 fuerunt,
658 2118 717 2158 ncn
740 2100 830 2158 fuisse
852 2099 1028 2175 ingeniosos,
1052 2099 1103 2158 sed
1125 2098 1155 2157 id
1179 2099 1308 2174 primum
1332 2102 1487 2171 studuisse,

311 2192 347 2246 ut
369 2188 500 2264 singulas
517 2188 683 2248 sententias
706 2209 723 2247 a
746 2187 895 2264 prioribus
918 2188 1013 2264 poetis
1036 2187 1095 2245 iam
1118 2191 1260 2247 tractatas
1283 2190 1366 2250 novis
1387 2191 1488 2249 formis

312 2277 472 2348 variarent,
509 2282 539 2335 ct
570 2277 596 2335 si
623 2277 881 2337 deliberaverimus
908 2277 1059 2338 Palladem
1096 2277 1272 2354 plerumque
1309 2280 1488 2356 argumentis

312 2385 400 2425 usum
425 2383 496 2440 esse,
521 2384 597 2440 quaa
620 2365 657 2423 ad
680 2366 848 2425 nniversam
872 2366 964 2424 vitam
987 2366 1165 2441 pertinentia
1187 2367 1384 2442 praecipiunt,
1414 2388 1488 2446 quae

208 2459 211 2464 '
313 2453 520 2529 uuusquisque
549 2455 826 2530 epigrammatarius
854 2453 909 2513 sibi
936 2454 1109 2514 adsciscere¹
1130 2456 1231 2530 potuit
1259 2457 1395 2514 Palladae
1424 2477 1490 2536 epp.

312 2561 410 2618 neque
433 2543 559 2619 cognitis
582 2561 678 2618 neque
703 2543 740 2601 ad
758 2543 936 2602 imitandum
956 2544 1123 2619 propositis,
1148 2543 1310 2602 cavendum
1325 2544 1412 2606 nobis
1426 2547 1490 2616 erit,

313 2653 350 2691 ne
373 2631 556 2708 argumentis
580 2651 646 2708 epp.
670 2633 740 2692 solis
763 2632 855 2691 innixi
871 2632 1014 2691 iudicium
1030 2632 1224 2708 proferamus
1238 2681 1241 2685 .
1256 2628 1291 2703 In
1308 2633 1352 2691 his
1368 2653 1490 2692 numero

313 2742 358 2797 ep.
381 2720 433 2780 IX.
451 2717 533 2793 127,
556 2721 717 2782 iteratura
740 2725 785 2778 2¹¹
799 2723 829 2780 in
853 2722 910 2780 fine
934 2721 1002 2780 libri
1025 2721 1085 2792 XI.‚
1109 2726 1236 2798 utroque
1260 2720 1326 2782 loco
1350 2742 1377 2780 n.
1394 2723 1423 2795 l.,
1439 2717 1489 2779 131³

193 2887 195 2894 Ι
312 2816 342 2868 et
366 2804 390 2866 S
413 2828 531 2885 quoque
554 2831 582 2870 n.
598 2810 618 2868 1.
643 2811 789 2869 exhibent.

399 2896 484 2956 Idem
507 2897 553 2958 vir
576 2899 683 2958 doctus
705 2918 770 2975 epp.
787 2900 837 2959 XI.
854 2895 928 2964 344.
946 2903 976 2959 et
991 2895 1065 2962 345.
1090 2900 1229 2959 Palladae
1251 2901 1383 2960 vindicat
1398 2902 1492 2962 causis

312 3006 370 3046 non
393 2986 563 3062 adscriptis,
587 3007 663 3063 quae
688 3008 752 3048 mea
776 2989 895 3064 quidem
920 2989 1065 3048 sententia
1088 2989 1167 3046 haud
1196 2994 1265 3049 sunt
1293 2991 1400 3050 similia
1427 2991 1493 3050 Pal·

312 3075 397 3134 ladae
421 3094 487 3150 epp.

402 3164 450 3222 Ad
472 3183 521 3241 ep.
542 3166 576 3222 X.
596 3161 646 3226 71.
670 3166 834 3226 Macedonii
857 3167 964 3226 Jacobs
988 3169 1085 3228 notat:
1110 3165 1250 3224 (laterum
1274 3166 1330 3225 hcc
1355 3186 1400 3242 ap.
1424 3167 1492 3224 Pal·

248 3333 250 3336 ·
314 3253 398 3312 ladaa
419 3253 634 3329 potiusquam
659 3255 821 3316 Maccdonii
843 3255 961 3330 ingenio
984 3255 1107 3331 dignam
1132 3256 1184 3314 est.
1226 3254 1336 3314 Tamen
1362 3255 1493 3330 exempla

314 3343 402 3402 huius
440 3343 555 3420 generis
594 3363 628 3402 ex
666 3343 776 3404 fabulis
807 3347 924 3420 sumpte
954 3343 1033 3419 apud
1064 3342 1218 3402 Palladem
1252 3343 1348 3404 rarius
1380 3343 1493 3402 inveni-

313 3435 405 3490 untur
436 3450 524 3506 qnam
560 3433 640 3508 apud
671 3433 893 3507 Macedonium
929 3433 1029 3510 itaque
1058 3451 1117 3500 non
1147 3435 1207 3508 cst,
1239 3451 1293 3492 cur
1323 3432 1494 3492 Macedonio

316 3520 497 3596 derogemus.

404 3608 514 3666 Maiore
545 3609 602 3667 fide
633 3609 756 3686 dignum
792 3615 837 3670 est
868 3612 912 3684 id,
952 3613 1031 3688 quod
1064 3612 1173 3671 Jacobs
1207 3612 1243 3671 de
1276 3632 1320 3685 ep.
1358 3612 1402 3670 Pl.
1432 3608 1495 3665 IVa

317 3717 344 3771 p.
370 3697 434 3754 57ν
451 3723 490 3747 --
508 3697 587 3758 XVI.
605 3693 678 3759 194.
702 3699 801 3772 sentit,
825 3699 850 3756 si
873 3716 1076 3773 comparamus
1100 3700 1264 3775 genuinum
1290 3717 1334 3772 ep.
1352 3698 1402 3755 IX.
1421 3696 1495 3755 773.

318 3785 398 3855 Quae
421 3806 488 3861 epp.
520 3787 732 3846 necessitudine
765 3785 893 3862 quadam
924 3787 1081 3846 coniuncta
1113 3804 1175 3844 esse
1207 3785 1354 3844 neminem
1385 3802 1494 3860 negare

317 3880 398 3950 puto.
445 3873 518 3934 (lum
534 3875 671 3936 Palladae
693 3874 723 3933 in
748 3875 860 3935 deliciis
883 3873 991 3934 habeat
1014 3875 1136 3932 candem
1160 3872 1335 3932 sententiam
1359 3873 1495 3949 pluribus

317 3983 384 4039 epp.
407 3966 543 4038 tractare,
567 3964 623 4023 hcc
646 3983 765 4040 quoque
789 3985 834 4039 ep.
857 3963 997 4022 Palladae
1021 3980 1084 4024 esse
1108 3961 1326 4022 concedendum
1349 3965 1401 4022 est.

407 4053 535 4112 Maxima
550 4071 619 4112 cum
635 4051 842 4128 probabilitate
859 4052 949 4109 etiam
966 4070 1011 4127 ep.
1028 4051 1078 4111 XI.
1094 4047 1145 4113 56.
1161 4051 1192 4109 in
1207 4050 1343 4128 genuinis
1358 4051 1496 4110 Palladae

318 4160 385 4216 app.
408 4158 542 4213 numero,
566 4142 645 4216 quod
666 4141 725 4199 iarn
742 4140 978 4217 Weigandum
1002 4141 1068 4217 (ah.
1086 4141 1124 4200 M.
1143 4141 1227 4199 1845
1245 4162 1273 4218 p.
1293 4141 1378 4215 561.)
1395 4140 1495 4198 fecisse

317 4228 389 4287 vidi.
436 4227 510 4286 Oum
535 4229 681 4288 sententia
705 4229 911 4289 consimillima
934 4234 964 4288 et
987 4250 1082 4308 genus
1105 4230 1252 4290 scribendi
1275 4234 1305 4287 et
1328 4228 1412 4303 copia
1434 4246 1496 4287 ver·

320 4317 433 4392 borum,
458 4320 525 4376 tum
548 4319 637 4389 locus,
662 4338 721 4394 quc
745 4322 841 4378 exstat
862 4339 916 4395 ep..
940 4320 1077 4380 Palladae
1094 4320 1183 4392 favet,
1207 4337 1275 4376 curn
1296 4337 1362 4392 epp.
1379 4317 1428 4374 Xl.
1447 4318 1497 4374 54.

320 4409 350 4465 et
376 4407 426 4464 55.
450 4425 526 4480 quae
549 4407 738 4482 praecedunt,
763 4408 894 4467 eiusdem
917 4409 1054 4466 Palladae
1078 4408 1146 4466 sint.
