3372 5210
672 304 891 362 -21‚.

193 485 263 544 dam
286 471 501 560 proposuerat.¹
535 481 591 540 Sed
608 481 779 557 Diltheyunr
803 482 890 542 nimis
906 482 1047 541 audacter
1063 483 1221 543 coniecisse
1237 483 1376 554 arbitror,

193 593 263 633 oum
290 592 324 630 en
347 572 435 631 titulo
460 574 689 631 commemorato
717 566 916 648 γνωμολογία
940 563 981 630 δι’
1005 563 1093 629 incur
1122 572 1196 632 hanc
1228 573 1374 649 syllogem

194 663 330 720 haustam
355 680 389 720 ex
413 660 521 720 maiore
546 660 674 736 quedam
698 660 912 718 sententiarum
935 660 1109 719 collectione
1133 661 1278 737 efficeret3
1306 681 1375 720 nem

194 750 305 808 librum
328 750 363 810 X.
387 750 468 808 anth.
486 750 556 821 Pal,
579 749 657 807 unde
682 744 772 807 huius
795 749 927 826 syllegae
944 769 1010 825 epp.
1033 759 1152 824 sumpta
1168 755 1246 822 sunt,
1270 751 1373 808 eodem

195 839 283 899 modo
316 839 515 914 compositum,
546 857 608 898 esse
642 857 675 896 ac
703 838 833 914 reliquos
862 839 1047 915 anthologiee
1072 837 1254 914 Cephalanae
1283 839 1375 898 libros

192 928 273 986 infra
295 928 415 986 uberius
439 927 652 1003 explicabimus
674 927 704 984 in
728 927 823 1002 capite
847 927 943 986 tertio.
992 927 1076 986 Hanc
1102 930 1205 986 antem
1228 928 1374 1004 syllogam

192 1035 257 1076 esse
280 1017 439 1092 epitomem
463 1015 610 1091 epitomae
633 1016 702 1096 libri
726 1009 764 1074 X.
787 1021 918 1092 apparet.
1004 1007 1006 1012 ¹

284 1106 319 1163 ln
351 1105 512 1181 appendice
541 1105 863 1170 Barbarino-Vaticane
896 1125 913 1163 a
946 1105 1139 1165 Sternbechio
1172 1105 1265 1181 edite,
1299 1125 1375 1181 quae

193 1212 263 1254 cum
286 1193 323 1252 ed
346 1194 547 1270 anthologiam
570 1190 617 1254 Pl.
641 1193 834 1270 supplendam
857 1213 873 1252 e
897 1194 1068 1253 collectione
1093 1194 1274 1272 Cephalena,
1303 1194 1374 1270 quin

192 1303 229 1342 ex
254 1283 319 1358 ipso
348 1283 447 1342 codice
476 1283 610 1343 Palatino
638 1289 756 1358 sumpta
784 1302 845 1343 esse
876 1283 1022 1357 rideatur,
1051 1283 1125 1341 nihil
1147 1284 1227 1343 valet
1249 1284 1279 1341 in
1307 1303 1373 1359 epp.

192 1371 403 1442 diiudicandis,
426 1372 499 1430 haec
521 1375 637 1431 exstant
657 1373 795 1431 Palladae
816 1392 883 1448 epp.
904 1373 977 1430 duo:
1003 1392 1048 1448 ep.
1074 1373 1124 1430 23.
1144 1365 1233 1430 =·V.
1253 1373 1303 1439 77,
1329 1393 1373 1448 ep.

195 1462 247 1519 54.
265 1485 305 1510 =
320 1453 352 1519 V.
370 1461 422 1528 71,
447 1459 482 1520 de
507 1461 616 1537 quibus
639 1461 697 1519 iam
721 1480 812 1537 snpra
835 1461 970 1521 diximus,

284 1549 381 1608 Etiam
403 1550 435 1607 in
459 1550 608 1610 codicibus
631 1550 711 1608 enth.
735 1551 904 1608 Planndeee
928 1555 1031 1608 contra
1047 1550 1225 1627 autographi
1245 1550 1374 1609 auctori·

194 1642 287 1697 tatem
310 1639 450 1697 Palladae
474 1660 541 1714 epp.
565 1639 710 1714 quaedem
731 1638 907 1696 tribuuntur
923 1643 975 1697 ant
989 1638 1176 1715 neglegentia
1191 1641 1245 1696 aut
1261 1638 1372 1698 coniec-

193 1732 263 1785 tura
285 1727 482 1786 recentiorum
511 1727 711 1786 librariorum.
759 1726 839 1796 Quae
867 1726 952 1786 nobis
979 1728 1057 1786 tenti
1085 1727 1266 1786 aestimanda
1294 1731 1374 1799 sunt,

194 1816 300 1891 quenti
323 1834 398 1890 quae
421 1816 478 1876 viri
501 1815 582 1880 docti
604 1820 720 1875 nostrae
744 1816 850 1875 aetatis
873 1816 1068 1876 coniecerunt.

285 1903 401 1974 Quibus
423 1905 585 1964 adnumero
609 1905 739 1964 codicem
762 1924 780 1962 a
803 1905 947 1964 Bandinio
971 1901 1005 1982 (l.
1021 1906 1040 1964 l.
1056 1926 1085 1981 p.
1103 1905 1167 1981 992)
1190 1906 1372 1981 descriptum

196 1992 391 2053 bibliothecae
420 1989 680 2074 Laurentienae1),
714 1994 744 2051 in
772 2013 832 2069 quo
860 1994 1001 2053 ultimum
1030 1994 1188 2054 distichum
1213 2014 1258 2070 ep.
1274 1995 1324 2052 IX.
1344 1996 1374 2052 9.

195 2081 333 2141 Palladae
362 2082 547 2159 adsignatur,
578 2083 656 2160 quod
686 2083 716 2140 in
739 2079 774 2142 P.
799 2083 937 2143 cohaeret
960 2102 1028 2142 cum
1052 2086 1196 2158 quattuor
1211 2082 1373 2158 prioribus

194 2172 329 2231 versibus
353 2190 398 2247 ep.
415 2171 465 2231 IX.
483 2173 511 2232 9.
535 2172 618 2230 Julio
641 2171 789 2247 Polyaeno
814 2172 943 2230 tributis.
983 2165 1052 2229 PlM
1076 2172 1132 2230 hoc
1156 2171 1315 2230 distichum
1337 2179 1373 2230 ut

193 2261 345 2336 integrum
374 2279 419 2336 ep.
444 2260 488 2320 bis
512 2260 630 2320 exhibet
652 2265 682 2318 et
705 2255 742 2316 Ib
767 2280 796 2336 p.
819 2261 1035 2335 8510t12p.
1059 2261 1122 2318 20v
1146 2264 1273 2336 utroque
1305 2261 1370 2320 loco

195 2343 350 2424 Julieni.²)
397 2348 499 2408 Scriba
522 2349 655 2420 fortasse,
679 2350 760 2425 quod
783 2349 933 2409 consimile
957 2354 1002 2410 est
1025 2349 1162 2408 Palladae
1187 2370 1251 2425 epp.
1279 2341 1367 2408 V.71

194 2441 224 2494 et
251 2436 302 2496 IX.
327 2438 408 2508 395„
441 2437 579 2496 Palladae
611 2457 672 2498 esso
706 2438 838 2498 coniecit.
885 2439 994 2497 Temen
1023 2457 1099 2514 qnee
1128 2439 1317 2498 consentiunt
1339 2439 1370 2496 in

193 2525 241 2586 his
256 2545 331 2602 epp,
354 2527 398 2584 ita
419 2531 488 2586 suut
506 2527 587 2602 trite,
610 2532 653 2603 ut,
678 2547 753 2603 queo
769 2527 988 2604 autographum
1009 2528 1109 2597 tradit,
1133 2524 1296 2586 labefacere
1312 2545 1370 2586 non

193 2616 316 2690 possint.

282 2723 316 2780 E.
356 2722 420 2791 Quo
448 2742 494 2798 ep.
518 2725 646 2781 tractato
675 2722 716 2780 ed
740 2743 778 2780 era
802 2743 877 2797 epp.
901 2722 1089 2798 progressi
1116 2739 1250 2792 sumus,
1280 2741 1370 2798 quae

194 2811 266 2870 viri
290 2811 386 2870 docti
411 2816 535 2869 contra
558 2809 718 2869 codicum
742 2811 999 2869 auctoritatem
1020 2809 1189 2869 Palladae
1213 2829 1288 2870 esse
1311 2811 1370 2869 ad·

193 2899 383 2957 scribenda
406 2899 649 2959 coniecerunt.
695 2900 750 2975 Ep.
774 2900 825 2958 IX.
849 2894 923 2962 573.
948 2900 979 2957 in
1002 2900 1034 2958 P.
1058 2899 1221 2974 Ammiani,
1249 2900 1280 2958 in
1303 2895 1381 2958 PlM

194 2986 326 3060 Lauinii,
358 2987 388 3044 in
421 2981 446 3045 S
477 3007 504 3045 n.
529 2988 548 3048 l.
577 2993 634 3063 est,
667 2988 882 3048 scholiastes
916 2988 1087 3048 editionis
1116 2988 1370 3047 Wechelienae

193 3074 334 3134 Palladae
363 3075 482 3151 tribuit,
510 3076 561 3136 sed
590 3077 634 3136 ed.
660 3076 846 3140 Wecheliana
877 3077 1003 3137 anillio
1036 3082 1072 3136 ut
1103 3096 1203 3136 omnes
1237 3076 1302 3136 edd.
1326 3079 1369 3136 Pl.

194 3164 312 3224 Scholia
345 3165 533 3224 Wecheliana
564 3186 640 3242 quae
673 3171 816 3226 vocantur
849 3167 966 3226 saeculo
989 3163 1076 3225 XVI.
1108 3167 1275 3242 conscripta
1308 3186 1369 3226 esse

192 3272 288 3329 neque
317 3259 397 3313 certo
422 3255 613 3314 fundamento
644 3256 714 3327 niti,
742 3255 796 3315 ubi
820 3255 1026 3331 discrepante
1050 3250 1123 3324 91³¹,
1148 3258 1262 3313 constet
1292 3255 1370 3312 inter

192 3361 301 3402 omnes.
346 3343 411 3402 Hoc
442 3364 487 3420 ep.
518 3344 542 3403 si
566 3363 624 3402 non
647 3345 804 3404 Ammiano
835 3344 1043 3403 vindicandum
1067 3362 1128 3402 esse
1151 3347 1305 3418 putemus,
1339 3346 1370 3401 at

191 3443 290 3488 tamen
314 3450 375 3490 esse
399 3433 537 3490 Palladae
560 3451 668 3508 negare
690 3451 856 3508 possumus,
880 3451 947 3490 cnm
970 3426 1006 3508 γὲ
1026 3431 1169 3492 vocabule
1185 3431 1368 3511 adhibeatur,

192 3538 282 3594 quem
306 3518 457 3577 Palladem
480 3539 601 3595 prorsus
625 3521 718 3579 vitare
741 3520 906 3580 videbimus
929 3521 959 3578 in
983 3540 1045 3594 cap.
1062 3519 1113 3578 IV.

282 3606 480 3668 Salmasius
504 3609 575 3667 haec
598 3629 663 3684 epp.
687 3609 827 3667 Palladae
850 3603 1031 3686 adsignet³):

279 3696 331 3756 XI.
351 3690 425 3759 396.
448 3697 572 3756 Lucieni
594 3698 624 3755 in
649 3698 690 3770 Ρ.,
713 3719 731 3756 e
754 3698 798 3756 Pl.
823 3698 973 3758 omissum.
1015 3697 1081 3757 Non
1104 3703 1183 3756 recto
1208 3698 1369 3758 Salmasius

192 3785 265 3845 dicit
280 3786 310 3844 in
327 3786 359 3845 P.
376 3804 439 3845 esse
455 3806 482 3844 n.
498 3788 518 3848 l.
550 3786 708 3846 Praeterea
723 3807 790 3847 cum
807 3790 902 3846 exstet
917 3788 946 3845 in
964 3787 1038 3846 serie
1062 3786 1246 3862 alphabetica
1260 3787 1368 3863 Dioge·

191 3874 278 3945 niani,
301 3875 442 3933 Palladae
464 3894 523 3934 uon
546 3894 608 3936 esse
632 3882 748 3936 certum
772 3879 823 3952 est,
848 3877 897 3934 sed
914 3876 1040 3935 Lucillio
1063 3875 1193 3934 dandum
1209 3878 1262 3949 est,
1284 3876 1369 3934 cuius

191 3981 297 4020 nomen
320 3983 460 4038 persaepe
483 3965 600 4023 nomine
624 3964 746 4024 Luciani
770 3966 935 4040 permutari
958 3969 1062 4024 notum
1086 3967 1138 4023 est.

280 4188 301 4255 ¹)
320 4186 397 4241 Plut.
418 4187 460 4241 31.
481 4187 543 4240 cod.
564 4189 608 4242 28.
628 4189 685 4241 iam
704 4207 732 4258 p.
748 4190 788 4244 14.
808 4195 1055 4244 commemoratur.

279 4258 302 4328 ²)
321 4257 384 4312 Iam
398 4256 533 4312 Chardon
552 4258 588 4313 de
607 4260 636 4312 la
649 4258 792 4314 Roohettc
812 4261 937 4314 coniecit
950 4255 1100 4314 Ἰουλιανοῦ
1119 4266 1286 4330 corruptum
1306 4276 1367 4313 esse

192 4345 228 4381 ex
248 4323 373 4384 Ἰουλίου.
410 4330 561 4400 Melanges
580 4330 616 4384 de
636 4331 698 4385 crit.
719 4336 748 4384 et
766 4330 802 4384 de
822 4332 927 4401 philos.
947 4331 1036 4385 Paria.
1058 4331 1136 4385 1812.
1156 4349 1183 4400 p.
1198 4331 1257 4386 390.

281 4402 303 4470 ³)
323 4402 411 4456 Anth.
431 4401 513 4458 Plan.
533 4401 577 4456 ed.
597 4401 633 4456 de
652 4401 772 4456 Boschii
791 4403 873 4472 (PlB)
892 4403 944 4457 IV.
964 4420 991 4471 p.
1006 4403 1030 4457 1.
1044 4419 1104 4472 sqq.
