3372 5210
748 451 969 508 -9g..

366 630 423 701 Qui
445 649 547 690 versus
569 631 627 689 iam
651 629 688 688 ob
712 648 775 687 cam
799 648 861 686 rem
884 627 1080 704 suspicionem
1102 631 1213 704 movet,
1241 629 1322 705 quod
1345 649 1447 692 versus

276 719 471 778 antecedentis
495 739 620 778 conexus
643 717 770 794 perspici
792 737 851 776 non
878 720 990 793 potcst3
1013 717 1113 793 itaque
1136 737 1154 776 a
1175 718 1324 778 nonnullis
1352 719 1447 780 doctis

275 808 355 883 viris,
378 828 395 866 a
418 808 629 880 Boissouadio,
646 807 796 874 Jacobsio,
820 805 1028 866 Piccolominio
1056 808 1238 882 mutabatur,
1271 826 1306 864 ex
1338 808 1447 884 quibus

274 897 390 972 Jacobs,
414 898 493 974 quod
517 897 712 965 commendat,
741 895 893 971 probabile
915 914 978 954 esse
1002 899 1032 954 et
1053 895 1178 953 maxime
1200 895 1308 955 litteris
1330 897 1447 958 traditis

274 1006 393 1062 parcere
417 986 489 1044 mihi
512 986 641 1047 videtur:
664 978 761 1055 καλὸς
784 975 851 1042 o'uv
873 976 922 1064 εἴη
945 976 986 1041 τὰ
1010 979 1101 1064 σκέλη
1123 978 1235 1055 δοῦλος
1257 979 1385 1056 κλάσας.

181 1145 189 1160 ,
364 1075 432 1134 Jam
455 1075 492 1133 ad
520 1074 778 1134 dissolutiones
800 1073 966 1132 iamborum
993 1073 1189 1149 pervenimus,
1217 1074 1324 1150 quibus
1347 1075 1443 1133 Palla·

248 1164 251 1170 ’
278 1165 329 1222 das
351 1183 438 1240 parce
460 1163 569 1235 utitur,
597 1184 664 1221 narn
690 1163 791 1239 plures
814 1181 904 1238 quam
926 1162 1058 1238 singulos
1079 1163 1169 1238 pedes
1192 1163 1223 1220 in
1245 1163 1369 1240 singulis
1390 1163 1443 1222 tri·

275 1253 376 1312 metris
400 1253 517 1312 omnino
546 1271 603 1311 non
627 1252 786 1312 dissolvere
816 1269 884 1308 eum
907 1250 1050 1310 videmus
1096 1251 1139 1309 Ex
1163 1252 1203 1310 82
1229 1249 1280 1328 (-Ι-
1309 1251 1363 1328 14)
1383 1271 1445 1312 ror-

184 1356 188 1362 '
276 1341 357 1401 sibus
374 1343 392 1400 9
412 1342 466 1416 (-Ι-
484 1340 517 1418 1)
540 1361 680 1401 versuum
702 1360 794 1399 unum
818 1340 924 1416 pedem
949 1339 1091 1415 dissolvit,
1115 1341 1283 1416 saepissime
1306 1341 1446 1400 nimirum

275 1430 399 1490 tertium
422 1435 452 1489 et
474 1431 613 1506 primum.
659 1429 803 1488 Dissolvit
827 1428 904 1486 enim
927 1429 1056 1504 primum
1080 1429 1185 1504 pedem
1204 1429 1263 1489 bis:
1286 1429 1316 1487 in
1340 1430 1444 1489 tribra-
1497 1491 1500 1498 ,

275 1520 362 1596 chyrn
389 1521 424 1579 X.
450 1520 506 1594 96,
531 1520 559 1578 6.
587 1519 617 1577 in
646 1519 797 1595 dactylum
820 1518 871 1576 IX.
896 1518 969 1595 400,
995 1519 1025 1576 4.
1062 1535 1168 1575 nomen
1201 1510 1346 1590 Ὑπᾶτια,
1379 1539 1446 1578 nam

275 1603 317 1668 sic
332 1611 455 1684 propter
470 1611 598 1666 metrum
615 1607 800 1667 scribendum
816 1611 868 1666 est.
906 1605 1038 1664 Tertium
1054 1606 1157 1682 pedem
1174 1606 1330 1682 quinquies
1346 1603 1400 1687 (-Ι-
1413 1607 1445 1684 1)

275 1698 306 1755 in
328 1697 462 1773 dactylos
484 1698 519 1754 X.
537 1699 587 1772 94,
614 1697 641 1756 1.
664 1698 699 1754 X.
724 1697 774 1770 96,
800 1696 827 1755 1.
850 1697 878 1756 2.
903 1695 931 1754 8.
962 1696 990 1753 9.
1013 1693 1210 1770 xl.359,1.‚
1234 1696 1322 1754 semel
1343 1696 1374 1754 in
1390 1696 1443 1754 tri·

275 1786 417 1862 brachym
440 1787 475 1844 X.
505 1787 556 1856 95,
581 1788 609 1844 2.
655 1785 799 1856 Quartum
827 1783 933 1860 pedem
961 1784 1053 1842 semel
1076 1785 1113 1842 X.
1142 1784 1192 1855 81,
1223 1787 1250 1842 4.
1278 1784 1309 1842 in
1337 1784 1443 1843 tribra-

276 1875 372 1951 chym.
412 1872 508 1934 Pedes
531 1875 667 1950 quintum
692 1878 721 1932 et
744 1877 858 1934 sextum
881 1892 1033 1948 nunquam
1056 1872 1199 1932 dissolvit.
1245 1872 1446 1949 Anapaestum

275 1963 424 2039 permittit
447 1981 501 2039 pro
523 1963 620 2023 iambo
645 1966 750 2038 quater
772 1963 803 2021 in
825 1962 920 2038 primo
944 1962 1018 2038 pede
1041 1963 1076 2020 X.
1102 1962 1198 2034 82,1.
1224 1963 1276 2036 87,
1300 1963 1328 2022 3.
1349 1963 1399 2034 91,
1417 1964 1445 2021 3.

277 2055 327 2127 92,
353 2053 381 2111 3.
405 2053 495 2112 semel
518 2053 548 2110 in
572 2052 698 2112 secundo
722 2054 757 2111 Χ.
782 2052 833 2129 90,
859 2053 885 2109 3.

364 2141 470 2217 Itaque
497 2141 632 2201 Palladas
664 2141 831 2217 saepissime
860 2158 909 2199 eos
936 2140 1024 2216 pedes
1053 2139 1201 2214 dissolvit,
1235 2158 1309 2214 quos
1342 2140 1446 2215 optimi

275 2233 379 2306 poetae
396 2230 555 2290 dissolvere
578 2230 723 2290 solebant:
747 2230 867 2288 tertium
883 2229 985 2305 pedem
1003 2231 1071 2304 post
1089 2227 1336 2304 semiquinariam,
1360 2247 1445 2304 quar·

274 2323 339 2377 turn
362 2323 431 2394 post
453 2319 728 2394 semiseptenariam,
752 2319 882 2395 primum
906 2312 1066 2395 quoque.²)
1103 2317 1278 2393 Anapaestis
1294 2336 1365 2377 usus
1380 2317 1444 2376 Pal·

275 2407 356 2467 ladas
383 2407 505 2483 propius
533 2408 645 2467 accedit
671 2409 708 2466 ad
735 2405 849 2467 iambos
878 2407 1057 2466 comicorum
1081 2426 1170 2482 quam
1193 2407 1373 2483 tragicorum
1395 2404 1445 2483 (cf.

275 2496 424 2556 Rossbach
447 2495 467 2556 l.
490 2496 509 2554 l.
533 2517 562 2572 p.
588 2495 664 2573 226)
687 2516 782 2575 neque
806 2501 904 2555 tamen
928 2496 965 2554 ad
989 2516 1053 2554 eam
1075 2495 1224 2555 licentiam
1247 2495 1445 2572 progreditur,

274 2589 310 2644 ut
333 2585 628 2661 proceleusmaticum
652 2585 790 2645 admittat
812 2604 867 2662 pro
890 2588 1057 2661 anapaesto.

364 2675 502 2751 Syllabas
525 2675 625 2734 finales
648 2675 677 2733 in
702 2675 832 2735 vocalem
856 2674 1020 2734 excidentes
1043 2672 1178 2734 Palladas
1202 2691 1352 2748 nunquam
1375 2689 1442 2749 pro·

275 2763 358 2822 ducit
375 2764 491 2824 duabus
507 2764 613 2824 litteris
629 2761 821 2840 sequentibus
843 2764 874 2822 in
890 2762 1023 2823 versibus
1046 2762 1188 2837 iambicis,
1211 2761 1329 2838 saepius
1343 2764 1446 2819 autem

274 2852 347 2911 tales
371 2853 498 2928 syllabas
525 2853 555 2910 in
584 2873 674 2912 unam
699 2872 855 2912 consonam
884 2853 1054 2911 terminatas
1081 2870 1141 2909 una
1168 2851 1269 2910 littera
1296 2854 1445 2925 sequente,

273 2941 304 2997 in
331 2941 435 3016 primis
462 2941 493 2998 in
520 2941 615 3017 primo
644 2943 717 3016 pede
744 2942 841 3002 decies
872 2939 926 3018 (-l-
950 2939 1014 3018 ter),
1047 2941 1078 2998 in
1102 2942 1207 3016 quarto
1239 2939 1314 3015 pede
1345 2939 1444 2998 novies

274 3026 328 3105 (-}-
353 3022 418 3106 bie),
442 3029 470 3086 in
496 3030 599 3104 quinto
624 3031 716 3089 octies
740 3029 794 3107 (.·l·
819 3025 885 3107 bia),
908 3031 939 3088 in
960 3029 1051 3088 tertio
1075 3029 1148 3104 pade
1173 3031 1231 3100 ter,
1259 3029 1290 3086 in
1317 3028 1444 3088 secundo

273 3117 365 3176 semel
390 3113 442 3197 (fl-
468 3112 532 3194 bia),
555 3119 586 3178 in
610 3123 691 3178 sexto
714 3119 855 3177 nimirum
877 3118 1005 3176 maxima
1027 3137 1095 3177 cum
1117 3117 1243 3177 licentia.

361 3207 458 3266 Media
489 3206 520 3264 in
543 3226 615 3266 voce
647 3207 774 3284 syllabas
803 3207 892 3266 etiam
920 3207 1036 3282 saepius
1067 3206 1218 3282 producit,
1250 3206 1323 3282 quin
1355 3205 1444 3264 etiam

273 3295 376 3354 littera
398 3300 484 3354 muta
507 3316 529 3356 c.
553 3297 605 3372 liq.
629 3297 791 3356 coniuncta.

361 3385 506 3444 Hiaturn
536 3405 626 3462 quam
657 3386 781 3445 maxime
809 3385 889 3462 fugit
916 3383 1064 3460 Palladas,
1092 3403 1160 3442 nam
1186 3383 1218 3440 in
1246 3384 1287 3442 96
1311 3382 1444 3443 versibus

272 3492 349 3534 unus
372 3474 520 3549 reperitur
542 3475 594 3534 XI.
619 3476 692 3545 291,
718 3476 745 3534 1.
768 3473 801 3534 τί
822 3466 995 3554 ὠφέλησας.

362 3562 436 3620 Fere
459 3563 551 3622 nihilo
575 3564 671 3623 minus
695 3564 767 3623 vitat
791 3564 991 3631 elisionem,
1016 3562 1101 3621 elidit
1124 3561 1214 3620 enim:
1240 3560 1284 3621 his
1307 3562 1445 3622 voculam

273 3644 307 3710 di
324 3652 359 3710 X.
377 3652 427 3725 94,
445 3653 473 3709 3.
492 3652 544 3710 ΧΙ.
561 3654 633 3723 286,
652 3655 679 3712 5.
698 3645 782 3710 ἀλλὰ
798 3653 833 3710 Χ.
851 3653 901 3723 86,
920 3653 956 3711 1..
980 3651 1025 3710 bis
1048 3651 1280 3727 praepositiones
1295 3651 1330 3710 X
1348 3651 1399 3721 81,
1417 3652 1444 3709 5.

275 3742 325 3812 96,
351 3741 379 3811 6,
403 3740 494 3798 semel
517 3758 624 3798 nomen
646 3742 682 3799 X.
707 3742 757 3814 96,
783 3743 810 3800 3.
835 3741 924 3798 semel
947 3742 1071 3801 verbum
1094 3741 1145 3801 IX.
1171 3739 1242 3816 180,
1268 3740 1296 3800 3.

362 3827 506 3888 Oraseos
540 3829 672 3904 exempla
704 3848 859 3906 perpauca.
882 3829 993 3889 inveni:
1025 3821 1114 3906 κάγὼ
1137 3830 1172 3888 Χ.
1201 3830 1253 3903 86,
1283 3829 1310 3888 1.
1335 3829 1386 3900 92,
1415 3830 1443 3886 2.

272 3917 323 3977 XI.
349 3919 421 3996 359,
447 3920 475 3976 3.
498 3909 599 3998 καύτὴ
624 3918 674 3977 ΙΧ.
700 3919 772 3990 180,
797 3923 826 3977 4.
849 3909 1029 3976 τούναντίον
1053 3912 1116 3978 ΙΧ.
1132 3918 1205 3977 508.
1229 3918 1260 3980 3.

362 4006 475 4077 Quibus
499 4027 533 4066 ex
557 4008 644 4066 rebus
668 4007 858 4084 cognovimus
882 4007 1034 4066 Palladam
1062 4007 1092 4065 in
1116 4007 1258 4066 trimetris
1285 4005 1444 4065 scribendis

272 4095 335 4154 fere
359 4097 519 4157 severiores
541 4097 621 4173 leges
645 4115 732 4172 quam
756 4097 787 4154 in
810 4096 986 4156 hexametris
1009 4100 1143 4156 secutum
1167 4115 1238 4156 esse.

361 4185 485 4261 Legum,
509 4205 582 4262 quas
599 4184 818 4246 desecantibus
838 4185 1067 4264 iambographos
1084 4185 1241 4262 Byzantios
1257 4183 1443 4244 constituisse

272 4274 374 4349 Meyer
401 4276 431 4331 et
458 4268 614 4351 Hilbergl)
643 4277 792 4351 eruerunt,
820 4274 851 4332 in
881 4274 1019 4333 Palladae
1048 4293 1113 4350 epp.
1142 4273 1258 4334 nullum
1286 4272 1442 4349 vestigium

272 4361 427 4438 reperitur.

362 4498 381 4566 ¹)
401 4498 436 4551 cf.
456 4497 610 4566 Oberdick,
626 4499 776 4582 ¹Kritische
796 4499 919 4582 Studien
931 4499 953 4554 Ι.
973 4517 1000 4570 p.
1014 4499 1057 4554 35.
1070 4517 1132 4568 sqq.

254 4641 256 4644 Ι
361 4569 382 4640 ²)
401 4569 507 4640 Meyer.
521 4570 539 4627 l.
553 4570 571 4625 l.
592 4569 723 4640 Hrlberg.
743 4570 961 4640 Byz.Ze1tschr.
985 4570 1061 4626 1898.
1080 4588 1108 4641 p.
1121 4571 1183 4628 327.
