3372 5210
614 293 965 352 ·-62--

266 472 485 534 consideramus
512 470 635 530 Luciani
666 470 756 532 libros
788 471 1001 548 posterioribus
1032 469 1217 548 tenporibus
1245 468 1276 528 in
1308 470 1441 530 omnium

266 561 402 621 menibus
427 565 458 620 ct
481 561 583 621 oribus
607 563 736 620 versatos
758 579 830 620 esse.

358 649 471 720 Quibus
508 650 539 708 iu
578 649 756 726 anthologiis
793 653 920 726 uterque
958 651 1046 725 poeta
1077 648 1181 720 fuerit,
1220 651 1441 724 ponuntuntos

264 739 413 816 Weigand
437 741 467 797 et
494 737 677 798 Sakolowslri
704 738 982 798 demonstraveruut
1008 737 1169 797 Lucillium
1197 755 1259 798 esse
1287 741 1441 820 receptum

266 829 298 886 in
308 827 485 905 Diogeniani
495 827 673 904 anthologio,
688 826 853 886 Lucianum
864 826 1008 904 Weigand
1024 825 1120 885 eidem
1135 825 1307 903 anthologio
1323 827 1443 899 tribuit,

266 915 450 976 Sakolowslri
473 916 623 975 abiudicat
646 915 740 976 6611116
763 935 821 975 non
843 915 963 990 additis,
987 934 1168 991 quamquam
1190 915 1246 975 hoc
1268 933 1300 974 sc
1323 915 1441 976 demon·

267 1010 375 1066 strasse
400 1004 472 1064 dicit
493 1025 522 1081 p.
548 1007 577 1064 8.
622 1003 698 1063 Nam
722 1004 837 1064 etiarnsi
858 1004 884 1064 is
908 1005 984 1064 eirca
1007 1022 1098 1063 annos
1124 1003 1308 1063 140-150.
1331 1004 1438 1080 Dioge·

266 1095 348 1153 niani
370 1093 575 1170 anthologiam
599 1094 712 1153 editum
740 1112 802 1154 esso
825 1092 988 1168 contendit,
1015 1096 1114 1152 tamen
1142 1110 1199 1151 non
1228 1092 1442 1154 demonstravit

266 1183 331 1242 fieri
353 1201 411 1242 non
434 1182 574 1259 potuisse,
597 1187 633 1240 ut
654 1182 777 1242 Luciani
799 1202 865 1258 epp.
888 1181 919 1240 in
941 1179 1112 1258 anthologio
1135 1181 1309 1258 Diogeniani
1330 1182 1440 1242 insere·

267 1275 383 1345 rentur,
415 1289 483 1331 oum
517 1272 648 1331 20-30
676 1289 768 1331 annos
800 1271 916 1331 circiter
947 1274 1035 1330 natus
1065 1270 1125 1328 iam
1153 1271 1224 1330 satis
1251 1271 1346 1330 multa
1373 1289 1441 1347 epp.

267 1360 395 1420 scribere
417 1359 575 1437 potuisset,
602 1359 775 1436 praesertim
803 1378 871 1419 cum
899 1359 1083 1419 Sakolowslri
1109 1349 1175 1435 ipse
1201 1376 1334 1436 expresso
1363 1359 1442 1420 dicat

267 1449 433 1510 luccianum
455 1450 580 1510 fortusse
600 1449 818 1508 adulescentem
840 1449 912 1508 liaeo
935 1469 1009 1524 epp,
1033 1467 1108 1525 quse
1124 1451 1238 1507 exstant
1259 1448 1290 1506 in
1304 1448 1381 1507 libro
1396 1449 1442 1522 X.,

268 1538 472 1614 conscripsisse
500 1539 519 1597 l.
547 1537 566 1595 l.
590 1556 619 1613 p.
649 1538 699 1597 16.
750 1537 792 1596 Ut
819 1537 922 1612 paucis
952 1536 1050 1597 verbis
1077 1537 1243 1610 absolvam,
1274 1537 1352 1596 inter
1374 1557 1440 1615 epp.

267 1626 390 1687 Luciani
423 1645 476 1686 seu
503 1626 624 1686 Lucillii
649 1626 791 1702 inscripta
817 1626 877 1686 duo
904 1645 1011 1703 genera
1043 1625 1169 1686 discerni
1195 1628 1332 1702 possunt,
1365 1645 1440 1702 quae

267 1716 347 1776 inter
370 1735 400 1774 se
424 1715 600 1776 alienissima
623 1719 693 1776 sunt
716 1715 899 1793 argumentis
927 1717 958 1774 et
980 1714 1086 1774 indole.
1131 1714 1227 1774 Unius
1249 1719 1354 1790 poetae
1378 1732 1440 1775 esse
1509 1776 1512 1790 ι

267 1825 336 1881 epp.
364 1804 498 1864 irrisoria
529 1805 599 1863 libri
626 1805 677 1864 XI.
708 1805 739 1862 in
771 1804 903 1863 homines
934 1804 1103 1864 nominibus
1135 1803 1299 1880 appellatos
1332 1803 1441 1878 scripta

269 1893 376 1968 liquet,
410 1914 427 1952 s
460 1893 569 1968 quibus
600 1893 684 1952 valde
712 1893 871 1952 abhorrent
904 1913 969 1968 epp.
998 1893 1176 1954 sententiose
1206 1891 1276 1950 libri
1296 1892 1333 1952 X.
1383 1891 1441 1951 Sed

270 1981 412 2058 quonium
444 2001 480 2039 ue
502 2000 595 2041 unum
623 1981 744 2057 quidem
776 2002 820 2057 cp.
850 1981 1014 2058 anthologii
1039 1980 1214 2058 Diogeniani
1245 1981 1277 2039 in
1304 1979 1380 2040 libro
1403 1982 1439 2040 X.
1513 1997 1515 2002 ·

270 2070 431 2146 reperitur,
460 2076 583 2146 apparet
605 2070 676 2130 haec
698 2090 763 2146 epp.
786 2089 845 2130 non
868 2070 998 2130 eiusdem
1022 2073 1125 2146 poetue
1148 2089 1222 2144 esse,
1246 2069 1299 2145 qni
1321 2088 1388 2145 epp.
1409 2069 1440 2127 in

270 2159 401 2219 seriebus
424 2159 617 2235 alphabetiois
640 2159 803 2237 anthologii
818 2158 993 2236 Diogeniani
1016 2158 1085 2217 libri
1107 2157 1160 2218 XI.
1182 2159 1292 2217 inserta
1314 2157 1439 2233 scripsit

268 2247 343 2307 (ium
373 2247 519 2307 Lucillins
547 2249 579 2306 in
605 2249 754 2308 nonnullis
782 2268 847 2324 epp.
871 2248 1010 2324 soopticis
1036 2267 1103 2323 epp.
1126 2248 1195 2306 libri
1222 2247 1273 2306 XI.
1295 2247 1440 2306 similibus

271 2355 301 2396 se
329 2337 428 2411 ipsum
457 2336 574 2396 nomine
606 2338 747 2413 appellet,
780 2356 838 2396 non
866 2340 912 2397 est
927 2337 1073 2411 dubium,
1105 2337 1178 2412 quin
1205 2355 1279 2412 epp,
1311 2355 1387 2412 quae
1409 2336 1441 2394 in

269 2425 401 2484 seriebus
417 2425 609 2500 alphabeticis
625 2429 747 2500 exstant,
763 2424 897 2497 Lucillio,
920 2445 986 2502 epp.
1002 2425 1072 2485 libri
1087 2425 1122 2484 X.
1137 2424 1268 2486 Lucieno
1284 2424 1442 2483 tribuenda

269 2514 339 2573 sint.
384 2514 539 2573 Praeterea
555 2515 635 2590 quod
657 2515 775 2572 nullum
791 2534 837 2590 ep.
852 2515 1016 2591 anthologii
1039 2513 1215 2591 Diogeniani
1237 2514 1335 2572 locum
1351 2513 1441 2571 hebet

269 2603 300 2661 in
327 2602 404 2661 libro
427 2603 477 2673 X.,
504 2603 640 2679 seqnitur
663 2607 812 2662 auctorem
841 2623 920 2679 epp,
948 2603 1113 2662 Luciouum
1144 2602 1237 2679 igitur
1263 2619 1321 2659 non
1348 2597 1440 2661 fuisse

270 2691 348 2751 inter
370 2697 473 2768 poetas
496 2692 719 2770 Diogenianeos.
764 2692 819 2752 His
842 2692 931 2752 rebus
953 2692 1110 2751 intellectis
1133 2691 1169 2750 de
1191 2689 1341 2748 nonnullis
1363 2710 1439 2767 opp,

269 2799 347 2857 quae
379 2783 449 2839 sunt
475 2781 506 2838 in
533 2781 662 2841 seriebus
694 2781 773 2841 anth.
796 2781 896 2858 Diog,
927 2781 1070 2840 iudicium
1098 2779 1175 2838 ferre
1202 2797 1372 2855 possumus,
1401 2798 1439 2845 ‚ex

270 2869 381 2944 quibus
404 2869 475 2928 satis
498 2871 606 2930 multos
630 2889 677 2928 res
691 2871 850 2944 lucramur,
874 2870 983 2947 quibus
998 2870 1035 2927 ad
1051 2869 1109 2928 alia
1132 2887 1251 2944 quoquo
1267 2886 1334 2944 epp.
1350 2867 1441 2926 dubia

269 2956 459 3016 diiudicanda
475 2959 611 3017 accedere
627 2959 782 3036 possimus,
806 2978 881 3035 quse
901 2959 981 3030 locis,
1005 2958 1059 3016 ubi
1081 2960 1204 3030 exstant,
1227 2975 1285 3016 non
1300 2957 1441 3030 indIcnut,

271 3045 369 3104 utrius
385 3048 489 3121 poetae
505 3047 573 3105 sint.
604 3047 758 3123 Inprimis
775 3048 923 3122 permulta
945 3047 1071 3121 nominc,
1090 3065 1166 3122 quse
1181 3045 1324 3104 Lucillius
1341 3045 1442 3104 eudem

271 3134 396 3194 diversis
423 3134 604 3207 hominibus,
638 3154 712 3211 quos
738 3136 854 3208 irridet,
886 3137 975 3210 indit,
1006 3135 1091 3194 nobis
1119 3155 1184 3210 epp.
1213 3134 1442 3198 diiudicantibus

271 3224 382 3283 auxilio
405 3223 535 3284 veniunt.
583 3224 662 3294 Quas
686 3243 769 3283 ansas
789 3227 922 3284 tenentes
945 3224 1050 3283 seriem
1072 3223 1142 3280 libri
1162 3223 1213 3284 XI.
1235 3223 1295 3281 iam
1319 3241 1442 3282 comme·

271 3315 417 3374 moratum
440 3308 520 3392 (epp.
543 3313 593 3373 XI.
618 3312 815 3387 256-817.)
838 3314 1064 3389 perlustramus:

317 3421 361 3476 ep.
385 3401 435 3460 XI.
453 3403 525 3460 257.
541 3421 649 3461 nomen
663 3402 859 3479 Hermogenis
882 3403 991 3460 iterum
1013 3400 1125 3478 legitur
1139 3400 1191 3460 ΧΙ.
1209 3402 1259 3473 89,
1278 3402 1351 3477 131,
1369 3401 1441 3474 190,

385 3489 458 3564 114,
481 3491 643 3566 Diopbauti
667 3491 739 3560 103,
764 3493 836 3566 245,
861 3492 934 3551 404.

317 3597 362 3653 ep.
385 3577 435 3635 Xl.
461 3580 534 3638 258.
556 3580 641 3638 Auli:
667 3581 807 3655 10,164,
833 3580 905 3655 172,
931 3581 1003 3650 176,
1028 3579 1102 3654 205,
1126 3579 1199 3646 210.

317 3698 361 3708 ·-
391 3699 437 3707 -
462 3669 535 3725 259.
557 3668 739 3728 Erasistrati:
764 3670 815 3739 83,
840 3669 913 3743 212,
936 3671 1010 3728 402.

319 3787 360 3798 -
393 3786 437 3797 —
461 3757 534 3814 265.
559 3755 638 3815 Gaii:
664 3757 714 3828 72,
739 3757 812 3816 100.

317 3877 361 3886 -
393 3877 437 3885 -
461 3845 535 3903 268.
558 3845 669 3904 Procli:
695 3840 776 3923 99.²)

362 3932 437 4009 Epp.
455 3934 529 4006 276,
545 3934 619 3993 277.
644 3935 747 3994 Marci:
766 3936 816 4007 85,
828 3936 878 4010 90,
896 3937 946 4012 93,
964 3937 1017 4003 94,
1030 3935 1186 4009 113,185,
1201 3935 1273 4006 143,
1286 3936 1359 4008 194,
1370 3936 1444 3993 312.

272 4020 386 4080 Omitto
414 4026 591 4100 argumente
624 4042 686 4084 esse
713 4024 931 4097 consimillima,
964 4025 1044 4101 quod
1076 4043 1176 4084 ornnes
1208 4024 1304 4100 primo
1336 4024 1445 4082 obtutu

272 4110 458 4185 perspicient.
504 4109 609 4189 Itnque
625 4113 697 4172 bueo
720 4133 785 4188 epp.
805 4113 894 4176 huius
916 4115 1009 4188 seriei,
1033 4111 1070 4172 do
1094 4133 1153 4189 qua
1173 4114 1297 4190 agimus,
1318 4112 1444 4172 Lucillio

273 4197 429 4257 tribuenda
452 4205 532 4259 sunt:
634 4235 637 4240 >

364 4387 383 4456 r)
401 4387 487 4441 Unde
506 4396 626 4459 apparet
643 4390 685 4444 Pl.
705 4407 764 4445 non
782 4397 860 4446 recte
878 4391 934 4446 hoo
953 4408 998 4461 ep.
1016 4391 1170 4445 Ammiano
1189 4390 1326 4447 tribuere.
