3372 5210
720 366 1013 455 -'91-,

243 565 303 623 iam
323 564 488 622 Homerum
516 564 682 621 observasse
709 563 786 620 idem
818 562 894 622 vidit
915 566 946 621 et
967 567 1070 639 postea
1093 562 1231 622 Nonnum
1255 583 1354 624 severe
1377 569 1417 623 te·

244 653 342 712 unisse
352 654 454 729 Meyer
463 646 716 729 demonstravit1),
731 651 935 710 Palladasnon
950 671 1037 728 saepe
1053 652 1182 712 discedit.
1216 653 1289 711 Nam
1300 657 1418 728 praeter

234 751 346 816 ‚versus
369 742 447 799 inter
469 741 609 799 articulos
633 745 662 798 et
683 740 803 799 nomina
825 740 944 814 incisos,
969 741 1020 816 qui
1043 761 1075 800 re
1097 761 1167 801 vera
1190 761 1249 800 non
1272 762 1339 801 cum
1362 743 1418 801 hac

249 831 313 907 lage
336 835 479 907 pugnant,
503 829 540 888 cf.

417 937 484 995 Vll.
510 937 621 1011 687,1.
756 937 791 997 Χ.
816 939 906 1010 45,1,
1042 931 1103 996 ΙΧ.
1127 937 1202 1006 401,
1214 937 1243 995 3.

435 1025 486 1083 ΙΧ.
506 1026 624 1099 Ι168,1.
750 1058 794 1068 -
819 1026 909 1097 51,5.
1059 1020 1101 1085 Χ.
1126 1026 1238 1093 121‚1.

245 1152 382 1192 caesurae
399 1122 583 1192 ¹excusantur
606 1132 722 1208 aequali
741 1133 932 1192 collocatione
955 1132 1127 1191 verborum:

332 1221 384 1282 IX.
410 1225 438 1294 5,
454 1224 482 1280 4.
515 1221 566 1281 XI.
585 1223 656 1292 307,
670 1222 697 1280 1.
732 1223 804 1294 384,
822 1222 848 1280 1.
873 1222 950 1297 App.
969 1221 995 1294 1,
1015 1242 1042 1280 v.
1067 1224 1093 1280 1.
1130 1223 1188 1280 Ter
1210 1221 1356 1281 vocabula
1383 1216 1417 1281 δὲ

243 1312 340 1386 explet
362 1311 489 1386 priorem
514 1311 621 1370 thesim
644 1311 744 1386 quarti
766 1310 860 1386 pedis:
881 1310 931 1368 XI.
957 1311 1073 1384 300,1.
1108 1311 1225 1384 385,1.
1260 1312 1370 1385 387,1.

334 1399 417 1458 Unus
439 1401 474 1458 X.
495 1401 545 1459 49.
569 1420 596 1459 v.
614 1402 640 1459 3.
666 1399 852 1458 offensionem
877 1400 1009 1474 praebat:
1034 1392 1129 1478 χολὴν
1150 1392 1196 1478 μὴ
1219 1391 1341 1472 ἔχοντα,
1365 1400 1418 1474 qui

243 1507 301 1548 non
326 1490 422 1548 solum
444 1492 567 1565 propter
590 1488 664 1548 hanc
687 1489 798 1566 legem,
821 1489 857 1546 de
880 1507 939 1563 qua
962 1487 1087 1564 agimus,
1111 1488 1162 1547 sed
1186 1488 1275 1546 etiam
1296 1493 1418 1565 propter

243 1578 357 1637 hiatum
373 1577 510 1638 Jacobsio
527 1580 688 1652 praeeunte
705 1576 875 1636 scribendus
899 1582 943 1635 cst
965 1571 1010 1654 μὴ
1033 1571 1158 1650 σχόντα,
1182 1597 1241 1652 qua
1263 1585 1414 1652 permuta·

242 1667 323 1725 tione
346 1671 473 1742 utraque
497 1667 617 1725 offensio
641 1664 804 1724 amovetur.

333 1755 438 1830 Itaque
461 1773 566 1813 versus
589 1754 768 1813 discedentes
792 1753 911 1812 maioris
935 1755 1074 1812 momenti
1102 1772 1160 1812 non
1183 1747 1415 1831 inveniunturfl)

332 1843 429 1901 Etiam
454 1842 575 1919 syllabis
599 1843 743 1918 positione
772 1843 925 1918 productis
953 1843 999 1902 usi
1022 1842 1169 1903 Nonniani
1196 1862 1312 1902 severas
1335 1842 1416 1929 leges

244 1933 471 2004 constituerunt,
495 1931 604 2007 quibus
621 1932 756 1990 Palladae
779 1951 837 1989 non
854 1931 1028 1990 obsecutum
1040 1950 1102 1992 esse
1116 1932 1325 2009 intellegimus,
1348 1952 1415 1990 narn

244 2041 268 2080 e.
291 2041 319 2097 g.
344 2021 388 2078 illi
410 2040 564 2096 nunquam
588 2021 715 2097 syllabas
742 2021 844 2079 finales
867 2021 897 2078 in
921 2021 1039 2079 brevem
1066 2020 1195 2080 vocalem
1224 2021 1415 2080 terminantes

243 2110 272 2167 in
296 2109 373 2169 thesi
396 2109 574 2185 producunt,
598 2109 634 2169 cf.
659 2109 801 2168 Ludwich
824 2109 843 2166 l.
859 2109 878 2166 l.
895 2129 922 2184 p.
941 2110 990 2168 60.
1025 2108 1121 2178 Quid?
1149 2110 1228 2185 qnod
1252 2128 1288 2166 ne
1312 2107 1415 2168 breves

242 2199 370 2275 syllabas
398 2198 498 2257 finales
521 2218 580 2255 una
603 2217 730 2257 consona
756 2198 852 2256 finitas
878 2196 998 2273 quidem
1026 2198 1195 2273 producunt
1221 2197 1249 2256 vi
1272 2215 1415 2256 consonae

241 2281 475 2366 insequentistss)
522 2287 610 2362 Apud
626 2284 780 2344 Palladem
799 2288 817 2345 6
846 2282 903 2364 (1-
922 2283 957 2364 1)
980 2287 1079 2346 inveni
1102 2286 1228 2363 syllabas
1249 2287 1280 2344 in
1297 2286 1414 2345 brevem

242 2376 372 2434 vocalem
396 2375 560 2434 excidentes
585 2375 699 2433 duabus
728 2376 860 2435 consonis
889 2375 973 2434 verbi
1000 2376 1150 2452 sequentis
1177 2375 1350 2452 productas,
1378 2376 1413 2434 cf.

240 2464 291 2524 IX.
316 2464 389 2534 165,
401 2465 428 2522 5.
455 2453 526 2535 119,
538 2466 566 2522 3.
594 2466 629 2524 X.
655 2465 744 2535 65,1.
772 2464 824 2523 XI.
851 2466 925 2536 353,
936 2466 964 2523 3.
992 2465 1042 2522 XI.
1068 2465 1180 2539 305,6.
1209 2463 1276 2523 VII.
1301 2464 1414 2534 607‚4.

248 2546 322 2613 VII.
346 2552 421 2624 339,
436 2555 464 2613 4.
489 2573 523 2612 ex
551 2553 659 2629 quibus
691 2554 744 2611 hae
773 2554 861 2612 etiam
889 2555 918 2612 vi
950 2554 1066 2613 litterae
1095 2558 1177 2611 muta
1205 2572 1272 2612 cum
1301 2552 1415 2628 liquida

240 2641 412 2701 coniunctae
434 2643 652 2718 producuntur:

328 2730 379 2788 IX.
393 2730 465 2805 119,
476 2732 504 2789 3.
515 2722 594 2788 ὥστε
605 2723 671 2810 χρὴ.
682 2730 733 2789 XI.
745 2733 851 2802 305‚6.
863 2720 963 2788 oleae
973 2724 1203 2809 γραμματικήν.
1222 2723 1373 2797 1711339,
1385 2731 1413 2788 4.

239 2810 259 2897 ἤ
278 2836 319 2894 με
342 2814 569 2897 προσπελάσει.

329 2907 452 2982 Saepius
469 2908 556 2966 eliam
574 2908 709 2966 Pallados
733 2910 828 2984 legem
844 2906 1063 2966 Nonnianorum
1085 2908 1184 2981 violat,
1209 2927 1275 2966 cum
1291 2908 1322 2964 in
1339 2907 1415 2966 thesi

240 2995 386 3071 producat
409 2995 536 3072 syllabas
561 2991 664 3056 breves
691 2997 722 3054 in
746 3015 902 3056 consonam
930 2997 1023 3054 exitus
1047 2996 1188 3056 habentes
1217 2996 1247 3054 vi
1270 3015 1414 3056 consonae

239 3085 396 3161 sequentis,
424 3085 455 3143 in
477 3085 581 3160 primis
603 3086 633 3143 in
657 3086 734 3145 thesi
756 3087 844 3162 primi
868 3085 964 3161 pedis:
992 3085 1029 3144 cf.
1054 3085 1104 3144 ῘΧ.
1130 3086 1243 3158 484,1.
1271 3087 1306 3143 X.
1323 3087 1374 3157 53,
1385 3088 1412 3143 3.

240 3175 291 3250 61,
303 3175 330 3234 3.
355 3173 406 3234 XI.
418 3175 492 3246 280,
503 3176 530 3235 3.
554 3175 605 3234 XI.
617 3176 690 3247 304,
703 3175 729 3233 1.
755 3177 827 3246 305,
839 3176 867 3233 3.
891 3176 926 3233 X.
938 3176 988 3245 56,
1002 3178 1028 3234 l.
1048 3177 1075 3234 5.
1108 3174 1158 3232 IX.
1173 3177 1243 3248 170,
1256 3175 1284 3232 3.
1301 3176 1430 3244 503,1.“

238 3265 273 3322 X
291 3265 342 3334 52,
360 3263 387 3323 1.
416 3263 467 3322 XI.
485 3265 558 3336 290,
570 3265 597 3322 3.
627 3264 826 3339 v11.688,1.
849 3265 884 3322 X.
903 3265 992 3336 53,5.
1017 3284 1055 3321 m.
1078 3283 1103 3323 a.
1149 3264 1184 3320 Iu
1206 3263 1410 3338 pentametris:

239 3351 306 3412 VII.
329 3353 401 3426 687,
418 3356 446 3410 2.
478 3353 528 3412 IX.
552 3353 624 3427 172,
641 3355 668 3412 2.
705 3354 776 3424 173,
792 3356 820 3410 2.
854 3354 927 3426 395,
943 3355 971 3410 2.
1004 3354 1038 3410 X.
1057 3354 1107 3422 45,
1125 3354 1152 3410 6.
1188 3353 1237 3425 54,
1254 3353 1281 3410 4.
1317 3352 1367 3426 59,
1384 3353 1412 3411 4.

239 3440 289 3496 XI.
308 3442 380 3509 323,
392 3443 421 3499 2.
444 3440 495 3498 IX.
514 3443 585 3511 503,
598 3444 625 3498 2.
650 3462 688 3500 m.
705 3461 729 3499 a.

328 3528 464 3586 Palladae
484 3533 520 3586 ut
542 3535 643 3590 contra
659 3527 878 3588 Nonnianorum
902 3530 1046 3588 rationem
1070 3529 1144 3588 tales
1159 3529 1287 3606 syllabas
1310 3529 1412 3588 finales

239 3617 270 3673 in
293 3616 369 3675 thesi
384 3635 443 3675 non
467 3617 612 3692 producit,
627 3619 669 3676 ita
691 3637 750 3677 non
773 3620 802 3676 in
819 3618 884 3678 arsi.
930 3617 1020 3678 Cuius
1038 3618 1153 3694 generis
1176 3618 1410 3694 productionem,

240 3724 421 3781 quamquam
444 3705 475 3763 in
498 3706 557 3765 arsi
580 3701 661 3767 tertii
684 3707 768 3782 pedis
791 3712 858 3766 aute
881 3707 1128 3784 semiquinariam,
1152 3727 1242 3784 quarn
1265 3706 1411 3765 Nonniani

238 3809 360 3870 prorsus
383 3795 492 3854 vitasse
516 3795 657 3855 Ludwich
682 3796 725 3872 (in
748 3796 919 3855 Rossbachii
935 3797 1044 3855 Metrik
1068 3797 1121 3854 der
1144 3795 1286 3855 Griechen
1310 3817 1337 3870 p.
1356 3794 1409 3871 69)

239 3884 375 3958 ostendit,
398 3884 428 3941 in
444 3885 583 3943 Palladae
607 3885 784 3945 hexametris
807 3904 866 3944 non
881 3885 1040 3957 invenitur,
1062 3886 1093 3943 in
1113 3884 1304 3960 pentametris
1320 3884 1410 3942 semel

239 3975 354 4031 tanturn
377 3972 428 4032 IX.
447 3974 580 4048 174,10.
596 3970 678 4054 μηνὶ,
702 3979 799 4034 tamen
823 3976 853 4031 in
872 3972 998 4049 pedibus
1021 3974 1158 4048 secundo,
1177 3977 1299 4048 quarto,
1314 3972 1410 4048 primo

239 4059 376 4119 Palladas
398 4061 541 4138 admittit,
564 4069 594 4120 et
616 4082 665 4121 eas
680 4082 738 4121 non
761 4063 849 4122 modo
872 4080 978 4121 vocum
994 4062 1231 4138 pyrrhichiarum
1254 4066 1285 4119 et
1307 4079 1407 4119 mono·

326 4269 347 4336 ¹)
365 4266 474 4321 Versus
497 4273 690 4337 repugnantes
714 4274 862 4323 enumerat
885 4269 1034 4322 Hermann
1055 4269 1074 4323 l.
1092 4268 1111 4321 l.
1132 4273 1161 4322 et
1184 4267 1283 4337 Meyer
1306 4285 1334 4338 p.
1348 4267 1408 4321 980.

326 4339 347 4409 ²)
366 4338 462 4392 Etiam
482 4337 535 4393 IX.
553 4342 614 4394 378.
633 4358 657 4394 a.
675 4343 702 4394 5.
721 4355 780 4393 non
799 4339 916 4394 obsistit
931 4338 1046 4409 μετέβη·
1065 4332 1098 4393 τὸ
1111 4337 1143 4393 δὲ
1159 4357 1184 4394 κ.
1197 4357 1220 4392 τ.
1233 4341 1257 4395 λ.
1277 4355 1342 4393 cum
1367 4338 1409 4391 di-

236 4408 392 4464 ctinctione
410 4409 454 4465 vie
473 4426 607 4464 caesurae
625 4410 770 4464 masculae
789 4416 935 4480 augeatur.

325 4479 346 4548 8)
365 4480 511 4535 Arncldus
530 4482 669 4549 Dittmar,
689 4483 733 4535 De
752 4482 892 4551 Meleagri
911 4481 1077 4536 Macedonii
1095 4481 1213 4536 Leontii
1232 4497 1262 4535 re
1280 4481 1407 4534 metrica.
