3372 5210
754 306 975 363 ...38-

367 485 442 544 Fere
465 501 580 554 omnes,
613 484 665 559 qui
688 483 826 542 Palladae
854 485 982 557 aetatem
1005 482 1161 541 terminare
1186 482 1283 541 conati
1306 467 1394 555 sunt,
1417 481 1456 540 ab

277 595 321 651 ep.
346 573 397 649 IX,
418 574 492 632 400.
517 572 644 649 profecti
665 575 744 650 0001,
768 573 848 648 quod
871 572 1032 649 genuinum
1058 590 1120 631 esse
1145 591 1174 646 p.
1197 570 1247 630 11.
1271 570 1454 630 demonstra-

277 662 383 723 vimus.
430 662 580 738 Scriptum
609 665 655 720 est
681 662 737 720 hoc
764 681 810 737 ep.
842 662 873 719 in
902 653 1064 737 Hypatiam
1091 660 1299 737 philosopham
1326 660 1454 720 Theonis

278 752 384 823 filiam,
419 770 493 826 quae
532 749 727 810 Alexandriae
761 750 866 810 studiis
897 750 1056 826 praecipue
1087 748 1290 824 astronomicis
1322 749 1454 818 florebat,

281 840 361 919 quod
386 860 431 915 ep.
455 858 575 915 quoque
603 838 733 916 attingit.
779 841 852 897 Eam
880 841 1014 898 necatam
1043 857 1105 899 esse
1134 857 1151 896 a
1178 838 1269 914 vulgo
1297 837 1456 896 christiano

278 948 353 988 anno
375 949 402 1004 p.
420 928 450 988 (1.
467 949 494 987 0.
512 928 585 986 415.
609 923 752 987 Ricardus
775 928 877 987 Hoche
900 947 995 1004 nuper
1017 946 1072 1003 pro
1096 929 1176 986 certo
1200 920 1454 1002 (1000000100011.)
1475 942 1481 964 ¹

279 1017 430 1093 Scriptum
462 1020 507 1077 est
532 1017 637 1092 procul
661 1017 751 1075 dubio
779 1018 835 1076 hoc
863 1037 922 1093 ep.,
954 1017 1025 1075 dum
1049 1016 1181 1092 Hypatia
1213 1034 1329 1074 summa
1359 1015 1456 1092 gloria

278 1107 377 1182 floret,
402 1108 468 1164 ante
496 1105 590 1183 igitur
613 1125 638 1165 a.
664 1105 746 1180 415,
776 1106 856 1181 quod
886 1125 954 1165 sane
978 1106 1116 1182 congruit
1140 1124 1209 1165 cum
1231 1107 1343 1178 aetate,
1366 1122 1457 1178 quam

278 1196 309 1253 10
332 1193 430 1270 priore
453 1195 542 1254 huius
566 1194 671 1270 capitis
694 1198 779 1270 parte
796 1195 1023 1254 enucleavimus.
1070 1193 1155 1264 Quod
1178 1192 1317 1269 Hypatia,
1340 1196 1376 1251 ut
1392 1194 1458 1252 erat

281 1303 409 1360 pagana,
436 1303 454 1342 0
477 1283 600 1341 Pallada
626 1283 717 1343 tantis
741 1283 879 1348 leudibus
904 1284 1037 1357 effertur,
1062 1302 1130 1343 cum
1147 1301 1181 1342 eo
1205 1282 1351 1357 convenit,
1375 1279 1457 1357 quod

279 1373 415 1432 Pallados
444 1372 557 1430 nullam
585 1391 718 1448 unquam
746 1373 927 1432 occasionem
955 1373 1001 1433 sui
1026 1372 1058 1429 in
1090 1371 1269 1430 Christianos
1298 1371 1358 1429 odii
1388 1388 1457 1446 pro·

280 1461 383 1520 fitendi
416 1460 551 1536 dimittit,
583 1461 759 1536 praesertim
790 1480 858 1520 cnm
888 1462 953 1536 ipse
977 1460 1173 1520 Alexandriae
1197 1463 1330 1542 moratus
1355 1459 1456 1534 Hypa-

279 1551 365 1621 tium,
399 1554 435 1609 ut
467 1554 531 1608 erat
555 1550 687 1609 eiusdem
719 1549 789 1608 fidei
821 1554 851 1609 et
883 1551 1015 1610 eiusdem
1047 1549 1165 1623 aetatis,
1197 1548 1322 1625 propius
1346 1548 1456 1608 contin·

281 1641 374 1716 geret.
429 1638 555 1698 Etiamsi
587 1657 644 1698 000
674 1639 836 1715 discipulus
868 1639 1017 1716 Hypatiae
1049 1638 1120 1713 fuit,
1154 1637 1234 1714 quod
1266 1639 1329 1695 crat
1362 1638 1458 1696 aetate

283 1728 370 1787 nimis
402 1732 560 1804 provectus
592 1732 622 1787 01
653 1728 748 1804 magis
780 1728 993 1803 Epicureorum
1031 1727 1188 1787 sententias
1225 1745 1314 1803 quam
1347 1725 1457 1785 Acade·

265 1817 429 1875 'micorum
462 1820 492 1874 et
514 1817 770 1895 Pythagoreorum
797 1817 1007 1894 recentiorum,
1034 1817 1112 1875 inter
1139 1834 1214 1891 quos
1247 1818 1292 1873 est
1319 1814 1458 1891 Hypatia,

283 1905 383 1977 trivit,
415 1908 514 1964 tamen
544 1905 624 1962 haud
648 1904 737 1963 dubie
762 1905 799 1963 ab
832 1925 865 1964 ea
903 1907 985 1965 stetit
1015 1925 1138 1981 eamque
1176 1904 1303 1962 maxima
1340 1922 1457 1964 venera-

281 1994 361 2053 tione
386 1994 485 2052 coluit.

370 2082 414 2142 Ex
433 2102 477 2158 ep.
494 2082 545 2154 IX,
564 2083 638 2142 528.
657 2101 776 2159 quoque
793 2083 915 2160 eiusque
931 2084 1068 2141 lemmate
1084 2075 1129 2152 εἰς
1144 2075 1199 2141 τὸν
1215 2070 1301 2140 οἶκον
1317 2079 1457 2161 Μαρίνης

281 2171 386 2230 elicere
414 2190 583 2247 possumus,
614 2171 721 2248 quibus
750 2172 934 2248 temporibus
963 2172 1097 2230 Palladas
1119 2170 1261 2230 floruerit.
1307 2169 1458 2244 Scriptum

283 2264 328 2319 est
343 2259 406 2318 hoc
422 2280 466 2335 ep.
481 2260 513 2317 in
529 2260 686 2319 simulacra
702 2279 791 2320 aenea
807 2261 931 2320 deorum
946 2279 1138 2338 paganorum,
1162 2278 1237 2336 quae
1254 2279 1289 2317 ea
1311 2277 1352 2330 re,
1375 2257 1456 2334 quod

282 2349 318 2406 ad
342 2347 576 2407 Christianorum
604 2349 720 2408 cultum
749 2351 892 2409 translata
920 2353 1017 2421 erant,
1046 2351 1243 2422 evitaverunt,
1271 2367 1307 2405 ne
1332 2347 1457 2406 conflate

282 2437 420 2512 perirent.
473 2436 552 2506 Quas
580 2440 696 2498 statuas
727 2437 758 2494 in
791 2438 922 2498 Marinae
955 2439 1042 2498 domo
1075 2439 1231 2498 collocatas
1259 2437 1350 2496 fnisse
1379 2435 1455 2493 affir-

282 2528 383 2584 matur
415 2525 539 2602 scholio,
586 2526 651 2584 Hoc
682 2527 803 2598 lemma,
836 2527 917 2604 qnod
944 2527 1123 2598 notavimus,
1155 2527 1186 2584 in
1217 2525 1319 2601 primis
1351 2542 1457 2582 nomen

284 2615 398 2686 domus,
422 2633 491 2673 cum
507 2635 541 2672 ex
564 2613 628 2692 ipso
645 2634 690 2690 ep.
707 2615 783 2674 effici
806 2635 862 2674 non
879 2617 980 2693 possit,
1001 2635 1035 2674 ex
1051 2615 1212 2675 vetustiore
1228 2615 1309 2674 fonte
1324 2631 1456 2672 manasse

284 2707 423 2779 apparet,
446 2722 505 2780 qua
528 2704 563 2762 de
587 2723 618 2762 00
641 2704 720 2762 10100
743 2704 863 2763 uberius
886 2705 970 2764 nohis
994 2706 1142 2782 agendum
1166 2704 1230 2763 erit
1277 2702 1308 2760 si
1324 2702 1457 2761 crederes

282 2793 437 2850 librarium
461 2811 515 2852 000
531 2793 678 2852 arbitratu
699 2811 807 2852 nomen
821 2793 947 2866 finxisse,
970 2794 1057 2854 nimis
1080 2793 1258 2870 suspiciosus
1282 2809 1367 2866 esses,
1390 2809 1457 2850 cum

281 2881 371 2938 huius
394 2881 509 2957 generis
533 2884 649 2940 statuae
677 2882 723 2940 his
751 2883 875 2942 saeculis
901 2902 1042 2959 persaepe
1070 2884 1126 2942 hoc
1153 2882 1241 2940 modo
1270 2883 1458 2954 mutarentur

281 2969 435 3044 multaque
474 2969 701 3028 christianorum
735 2971 847 3046 templa
885 2974 956 3031 tunc
993 2972 1038 3030 his
1070 2971 1234 3030 simulacris
1273 2971 1456 3028 ornarentur.

283 3057 347 3127 Qua
370 3058 407 3115 de
432 3075 519 3117 causa
542 3058 636 3134 igitur
659 3059 830 3118 scholiastes
855 3049 941 3118 οἶκον
964 3058 1105 3140 Μαρίνης
1128 3061 1371 3120 commemoraret
1402 3056 1458 3116 nisi

281 3146 367 3205 nixus
393 3146 512 3205 nomine
542 3146 671 3206 tradito?
721 3147 835 3205 Nomen
868 3149 999 3207 Marinae
1032 3148 1112 3225 opud
1144 3149 1281 3224 antiquos
1310 3146 1457 3206 rarissime

282 3235 437 3312 reperitur.
468 3235 519 3295 Bis
535 3235 646 3295 inveni:
680 3235 855 3314 chronolog,
877 3231 1068 3317 Alexandnl)
1092 3237 1143 3296 dat
1165 3236 1221 3296 hoc
1244 3255 1350 3295 nomen
1372 3232 1458 3295 uxori

281 3324 469 3401 imperatoris
485 3323 620 3384 Valentis
642 3324 758 3400 prioris,
782 3325 873 3384 matri
889 3324 1031 3404 Gratiani,
1054 3345 1233 3403 quamquam
1258 3325 1364 3384 ceteris
1387 3323 1460 3382 locis

282 3433 398 3489 semper
418 3414 537 3472 Valeria
557 3413 665 3472 Severa
687 3408 897 3491 nominatur.³)
941 3415 1046 3474 Altera
1061 3415 1175 3473 Mariua
1198 3418 1242 3473 est
1264 3414 1325 3473 filia
1339 3412 1460 3470 minima

283 3506 356 3560 natu
383 3502 569 3577 imperatoris
595 3503 718 3562 Arcadii
745 3507 776 3562 et
801 3503 904 3564 Aeliae
932 3502 1078 3564 Eudociae
1102 3523 1127 3564 a.
1153 3505 1226 3563 403.
1253 3496 1363 3579 00104)
1414 3501 1458 3558 De

283 3589 370 3648 domo
386 3591 516 3676 Marinae
534 3590 640 3651 (110000.
656 3592 791 3667 paschale
816 3587 874 3674 (ed.
889 3591 1024 3653 Niebuhr
1043 3613 1074 3668 p.
1092 3590 1179 3672 566.)
1195 3595 1308 3651 narrat:
1332 3593 1459 3667 Μαρῖνα

283 3671 317 3736 δὲ
333 3670 389 3737 τὶν
412 3677 498 3736 οἰκον
520 3671 621 3738 ἔκτισε
642 3674 705 3736 τῶν
721 3680 870 3762 Μαρίνης,
893 3682 1001 3758 quihus
1023 3682 1122 3741 verbis
1144 3682 1205 3740 filia
1227 3679 1348 3738 Arcadii
1370 3677 1459 3753 signi·

374 3905 395 3973 1)
413 3902 532 3972 Libros,
561 3903 667 3972 quibus
686 3904 721 3959 de
740 3885 872 3975 Hypatia
891 3906 999 3974 agitur,
1027 3904 1172 3960 recensuit
1190 3904 1217 3960 J.
1238 3902 1303 3957 Chr.
1323 3899 1407 3955 Wolf
1427 3899 1458 3953 in

285 3973 441 4029 Mulierum
463 3974 564 4030 Graec.
589 3992 664 4044 quae
688 3976 818 4031 oratione
841 3993 927 4046 prosa
955 3993 1024 4031 usae
1051 3983 1131 4045 sunt,
1160 3975 1240 4046 frgt.,
1267 3972 1460 4028 recentiorum

283 4044 869 4172 3108111118110111111101015111111111
929 4120 981 4175 559
1010 4125 1039 4172 a
1099 4119 1151 4173 sec

284 4258 341 4312 Vl
373 4119 597 4312 ⁸l1lljlrldangius,
626 4162 717 4243 famil:
740 4190 860 4259 Byzant.
887 4137 917 4262 11.
938 4163 990 4246 5ss
1022 4137 1181 4245 Tillemont
1203 4188 1222 4244 l.
1247 4189 1265 4244 l.
1290 4189 1461 4256 l’empereur

313 4275 393 4313 0000
423 4303 429 4314 .

286 4401 355 4454 1139
372 4329 395 4400 4)
418 4330 518 4455 {uper
541 4331 596 4385 hac
620 4331 655 4385 de
679 4331 715 4402 re}
734 4331 839 4401 Seeck,
863 4331 1123 4402 Pauly-Wissowa.
1148 4348 1169 4385 0.
1190 4347 1218 4386 v.
1241 4329 1383 4386 Arcadius
1406 4329 1460 4384 col.

357 4444 364 4458 .
384 4417 451 4470 egr.
