3372 5210
784 315 915 375 -.53
965 347 1003 358 ..

401 494 594 554 365-332.
626 495 720 552 altere
752 496 797 552 est
833 494 923 553 series
955 492 1101 571 Agathino
1133 491 1226 570 Gycli,
1264 491 1295 550 in
1327 512 1387 569 qua
1418 511 1484 569 epp.

310 582 451 642 Pallados
474 583 678 642 inveniuntur:

401 671 474 731 371.
506 669 646 730 Palladae
671 671 870 746 P.‚n.1.P1.

401 762 474 820 372.
505 751 657 838 {syndico
681 755 771 833 Σχολ.
793 761 837 834 Ρ.,
860 752 919 818 τοῦ
942 749 1043 818 αὐτοῦ
1066 757 1115 835 [sc.
1132 753 1292 835 decusib]
1325 759 1371 819 Pl.

401 850 475 909 373.
507 842 668 907 Παλλαάᾶ.

399 937 441 998 At
463 937 488 998 si
510 937 555 996 Pl.
579 937 608 995 in
630 956 675 1013 ep.
700 938 773 998 372.
806 937 946 996 maiorem
977 937 1064 996 fidem
1099 937 1201 1012 habes,
1234 935 1368 996 concedis
1401 935 1485 1013 (lycli

310 1026 417 1086 seriem
440 1025 498 1084 ulia
521 1026 594 1085 serie
617 1026 754 1085 Palladae
778 1029 809 1084 et
830 1026 951 1084 Lucillii
973 1044 1040 1101 epp.
1063 1025 1260 1102 interruptam
1286 1020 1389 1102 esse.²)

399 1115 557 1174 Praeterea
578 1115 718 1173 Palladae
741 1117 811 1173 sunt
833 1135 899 1190 epp.
924 1115 997 1184 377,
1022 1115 1096 1186 378,
1120 1114 1203 1189 381.
1227 1134 1303 1191 quae
1330 1111 1485 1173 Palladem

311 1222 373 1264 esse
395 1203 478 1280 Gyoli
508 1203 697 1263 affirmarent
743 1203 800 1262 Sed
827 1203 962 1263 videmus
994 1203 1023 1260 in
1057 1203 1112 1263 hae
1143 1203 1208 1280 ipsu
1235 1205 1320 1278 parte
1352 1203 1484 1280 singulas

311 1292 442 1369 syllogus
465 1291 507 1352 sic
528 1292 717 1369 perturbatas
741 1310 816 1367 esse,
838 1295 876 1351 ut
897 1292 951 1352 hac
975 1310 1063 1351 exre
1086 1291 1161 1351 nihil
1184 1291 1300 1352 efficere
1323 1291 1482 1368 possimus:

309 1400 378 1440 nam
394 1382 449 1440 hac
469 1381 500 1439 in
522 1385 607 1457 parte
622 1400 689 1440 cnm
705 1379 882 1458 Diogeniani
896 1380 1068 1457 anthologio
1090 1400 1156 1457 epp.
1171 1379 1311 1439 Palladae
1327 1380 1485 1441 coniuncta

310 1487 385 1542 esse,
407 1469 499 1528 immo
522 1488 591 1530 vero
613 1470 645 1528 in
672 1469 777 1530 seriem
805 1469 1022 1546 alphabeticum
1045 1469 1178 1546 Philippi
1202 1488 1325 1530 coronae
1353 1468 1484 1546 dIspersa

310 1576 374 1619 esse
396 1557 543 1630 videmus3
571 1558 626 1618 huc
649 1558 726 1617 enim
749 1558 781 1616 in
802 1560 900 1635 parts,
923 1558 976 1617 ubi
1000 1577 1066 1634 epp.
1089 1557 1228 1618 Palladae
1247 1558 1430 1634 praecedunt
1453 1561 1484 1616 et

310 1653 489 1723 sequuntur,
522 1665 580 1706 non
611 1651 657 1707 est
686 1647 808 1717 mirum,
841 1648 922 1724 quod
954 1651 1083 1723 utraque
1115 1646 1249 1707 collectio
1281 1646 1483 1723 permiscetur.

310 1735 453 1812 Sequitur
467 1755 550 1795 mera
565 1736 653 1796 series
669 1756 735 1813 epp.
745 1737 891 1812 Palladae,
911 1737 1053 1812 pleraque
1072 1736 1104 1794 in
1118 1736 1163 1795 Pl.
1178 1727 1281 1837 ddpto
1299 1737 1484 1796 383-387.

310 1824 383 1884 Post
410 1843 443 1884 es
470 1829 638 1901 sequuntur
664 1825 753 1886 series
777 1824 980 1900 alphabeticus
1008 1825 1089 1884 anth.
1112 1825 1283 1902 Diog.1am
1306 1843 1482 1885 commemo·

310 1915 392 1971 rutae
415 1911 494 1989 (epp.
511 1911 708 1989 388-413.)
729 1914 804 1972 etin
827 1915 884 1972 fine
900 1914 1087 1974 417-436.
1120 1913 1203 1972 Inter
1218 1914 1271 1974 has
1292 1913 1350 1973 tria
1372 1913 1484 1973 inserta

310 2004 381 2062 sunt
403 2021 473 2078 epp:

354 2090 429 2150 414.
452 2090 568 2168 Hedyli,
592 2090 672 2167 quod
695 2090 830 2167 spurium
853 2109 914 2150 esse
934 2091 1055 2151 Knaack
1077 2091 1306 2166 demonstravit;
1331 2091 1368 2151 cf.
1384 2111 1412 2168 p.
1431 2093 1481 2152 52.

355 2180 428 2238 415.
451 2171 660 2259 Ἀντιπάτρου
679 2170 700 2236 i*
721 2174 897 2258 Νικάρχου,
920 2179 1057 2239 Jacobsio
1081 2183 1112 2239 et
1134 2180 1367 2240 Stadtmuellero
1390 2179 1481 2257 expli·

453 2268 587 2328 cantibus
609 2267 753 2328 Nicarcho
776 2267 968 2327 tribuendum
991 2272 1044 2329 est

356 2356 430 2416 416.
454 2347 578 2436 ἄδηλον.

401 2441 504 2503 Finem
526 2444 615 2504 huius
635 2445 705 2504 libri
728 2446 804 2505 duae
827 2442 1004 2521 appendices
1022 2445 1183 2505 'adiunctae
1206 2446 1332 2506 faciunt:

372 2532 396 2593 Ι.
419 2533 590 2594 Vestustior
604 2534 750 2610 appendix
764 2534 801 2592 ab
818 2534 920 2593 eodem
936 2535 1031 2594 scriba
1046 2535 1089 2609 B.,
1113 2534 1165 2612 qui
1185 2537 1284 2594 totum
1306 2533 1417 2594 librum
1432 2535 1483 2594 XI.

415 2623 554 2696 exaravit,
577 2623 705 2698 scriptus
728 2623 858 2683 continet
881 2642 960 2699 epp:
1311 2687 1313 2692 ,

417 2712 498 2770 437..
512 2703 656 2791 Ἀράτου,
687 2730 745 2771 non
770 2711 946 2787 scoptioum,
979 2713 1061 2789 quod
1086 2713 1146 2770 iam
1170 2712 1310 2773 Huschke
1333 2713 1353 2772 l.
1377 2713 1397 2773 l.
1420 2713 1482 2772 ani-

462 2800 633 2872 madvertit,
666 2801 746 2860 haud
779 2801 868 2860 dubie
899 2800 1075 2878 genuinum,
1113 2802 1194 2879 quod
1226 2820 1407 2879 quamquam
1439 2805 1485 2861 est

463 2889 663 2966 fragmentum
678 2890 819 2966 Meleagri
839 2908 974 2962 coronae,
996 2909 1054 2948 non
1078 2893 1124 2948 est
1146 2910 1163 2948 a
1183 2890 1385 2951 Sakolowskio
1408 2909 1483 2951 eom-

462 2983 667 3037 memoratum.

416 3066 602 3126 438-441.
624 3069 694 3126 sunt
716 3069 861 3143 quattuor
884 3067 990 3127 senarii
1015 3067 1046 3125 in
1068 3068 1225 3128 nonnullas
1240 3073 1343 3146 gentes
1359 3067 1483 3129 Graecas

462 3153 572 3230 scripti.
944 3191 947 3196 >

356 3243 395 3303 H.
418 3242 576 3319 Appendix
599 3243 691 3303 altera
712 3265 730 3303 a
751 3245 846 3304 scriba
862 3247 913 3301 2²¹
936 3245 999 3305 lolii
1021 3245 1155 3322 explendi
1179 3264 1267 3305 causa
1290 3244 1391 3306 addita
1413 3246 1484 3306 haee

415 3350 482 3408 epp.
505 3332 633 3406 profert:

415 3420 466 3478 IX.
493 3421 564 3481 127.

415 3509 467 3567 XI.
491 3511 565 3570 255.
589 3503 753 3571 Helladi.

429 3599 464 3656 X.
488 3599 540 3656 30.

416 3686 467 3746 XI.
492 3688 566 3746 294.
588 3682 778 3750 Λουκιανοῦ.

414 3775 464 3836 ΙΧ.
490 3775 540 3835 51.
564 3770 743 3848 Πλάτωνος.

413 3861 465 3922 lx.
490 3865 562 3925 748.
587 3859 756 3937 Πλάτωνος
779 3865 938 3946 νεωτέρου.

400 4045 450 4100 >ss
473 4043 526 4120 qui
549 4043 667 4104 omnino
692 4044 723 4102 id
745 4044 875 4115 studuit,
907 4047 944 4102 ut
967 4045 1030 4104 eod.
1054 4044 1116 4104 Pal.
1140 4045 1306 4122 suppleret,
1333 4063 1401 4106 cum
1424 4064 1483 4104 non

208 4313 214 4320 .
400 4265 420 4334 ¹)
442 4267 512 4321 Vice
531 4283 614 4321 versa
631 4268 750 4322 nomina
767 4285 832 4339 epp.
852 4268 907 4325 XI.
921 4269 982 4325 401.
1003 4275 1032 4324 et
1050 4269 1111 4326 402.
1131 4275 1297 4341 permutata
1314 4275 1389 4340 sunt,
1409 4285 1484 4339 quae

308 4336 721 4479 dinibiipiiidbeliileoigathiae
739 4339 851 4394 tribuit.
888 4341 1008 4396 Lucillii
1028 4358 1088 4396 esse
1107 4347 1228 4411 apparet
1245 4341 1302 4396 hoc
1320 4357 1365 4414 ep.
1385 4356 1421 4395 cx
1440 4356 1483 4395 or·
