3372 5210
780 315 999 373 ,26-

310 515 377 554 cum
401 515 445 572 ep.
471 494 659 554 coniunctum
682 490 844 566 nominant,
867 495 903 550 nt
925 511 959 550 ex
976 493 1017 552 eis
1034 493 1227 567 enucleemus,
1251 499 1354 552 utrum
1370 495 1483 554 cedices

308 603 411 643 rerum
436 584 555 642 tradant
577 601 677 642 necne.

397 672 578 732 'themistius
592 669 785 752 philosophus
801 670 837 728 ab
853 670 1030 746 imperatore
1046 670 1219 747 Theodosio,
1243 672 1295 747 qui
1310 673 1483 748 cognomine

306 761 407 838 Magni
424 764 553 833 ornatur,
570 760 736 836 praefectos
752 758 834 818 urbis
851 758 949 834 Gpolis
965 759 1063 818 factus
1079 759 1240 818 cratonem
1256 760 1351 821 XVII.
1369 761 1482 830 hebuit,

308 870 366 926 qua
389 850 560 926 imperatori
583 849 709 926 gratiam
732 848 863 908 referret.
910 848 1027 920 Munus,
1051 849 1131 923 qnod
1159 851 1285 925 accepit,
1311 869 1372 908 ease
1397 869 1481 926 praa-

307 940 452 998 facturam
483 938 566 997 urbis
599 957 634 996 ex
656 958 684 1014 p.
710 933 802 1006 20412,
836 957 853 994 a
881 936 1044 996 Theodosio
1073 937 1178 996 datum
1204 957 1267 998 esse
1290 958 1325 996 ar
1347 959 1376 1015 p.
1402 940 1484 997 205ο

306 1022 531 1104 intellegitur.²)
577 1027 664 1084 Serto
692 1025 807 1102 imperii
832 1026 989 1084 Theodosii
1011 1044 1087 1084 anno
1114 1026 1293 1087 Themistius
1321 1027 1483 1086 orationem

307 1117 417 1176 XVIII.
441 1109 584 1192 hahnit²)‚
608 1116 637 1174 iu
654 1135 713 1192 qua
735 1114 819 1174 urbis
841 1115 1043 1190 praefecturae
1063 1114 1118 1172 sub
1137 1115 1301 1176 Theodosio
1317 1135 1386 1175 suae
1403 1134 1483 1174 meu·

306 1206 418 1264 tionem
442 1199 550 1282 leuitt).

396 1293 444 1352 Ab
467 1294 593 1354 inimicis
617 1297 739 1352 vexatus
762 1297 806 1352 est
830 1293 1017 1365 Themistius,
1041 1293 1120 1367 quod
1137 1293 1174 1352 de
1189 1293 1370 1352 sublimitate
1387 1295 1481 1369 philo-

309 1383 429 1459 sophiae
453 1382 649 1442 descendisset
673 1391 703 1440 et
725 1401 834 1440 munus
849 1381 1004 1457 publicum
1029 1381 1199 1456 accepisset,
1222 1383 1303 1458 quod
1327 1383 1483 1460 iudignum

308 1476 385 1532 esset
407 1473 548 1548 sapiente.
594 1471 708 1540 Quibus
725 1471 761 1529 ab
777 1471 939 1546 impetibus
955 1469 1135 1529 'themistius
1152 1489 1182 1528 se
1198 1471 1328 1530 defendit
1343 1473 1484 1545 cranone,

307 1579 396 1636 quam
420 1561 552 1619 omnium
579 1561 641 1619 eius
665 1561 831 1618 orationum
859 1559 943 1618 nobis
966 1563 1150 1619 servatarum
1177 1559 1313 1618 ultimam
1336 1565 1483 1636 repertam

307 1649 376 1726 Mai,
405 1650 454 1726 qui
480 1670 544 1708 eam
566 1649 680 1709 invenit
695 1648 855 1725 ediditque,
879 1649 1035 1726 genuinam
1061 1649 1222 1707 orationem
1246 1648 1399 1708 Themistii
1422 1668 1484 1708 esse

308 1739 395 1798 certis
419 1739 601 1816 argumentis
616 1731 869 1814 demonstravitt
894 1738 1008 1796 HabuIt
1023 1737 1185 1796 orationem
1202 1738 1389 1808 themistius,
1405 1744 1484 1814 post·
1519 1797 1521 1801 .

309 1847 399 1903 quam
423 1845 530 1886 munus
552 1827 611 1884 iam
635 1827 785 1902 deposuit,
814 1845 873 1901 quo
897 1847 950 1902 per
973 1827 1059 1886 breve
1082 1831 1200 1885 tantum
1223 1832 1340 1902 tempus
1363 1827 1484 1887 functus

308 1909 392 1991 est.⁵)
417 1915 498 1974 Dicit
514 1916 695 1975 'themistius
719 1933 750 1974 se
773 1935 894 1973 munere
912 1919 1033 1991 accepto
1049 1934 1108 1974 non
1124 1915 1315 1987 descendisse,
1333 1917 1392 1986 sed,
1416 1936 1484 1976 cum

308 2005 346 2063 ad
377 2005 433 2062 hoc
461 2023 610 2064 summum
643 2023 751 2062 munus
784 2005 933 2077 ascendat,
967 2023 1036 2063 vere
1069 2023 1130 2062 esse
1163 2004 1383 2080 philosophum,
1417 2025 1485 2065 cum

307 2094 525 2170 philosophiam
558 2093 589 2152 in
622 2094 714 2153 vitam
745 2093 893 2169 publicam
926 2095 1037 2152 inferat
1069 2097 1099 2152 et
1127 2093 1300 2168 participem
1329 2094 1420 2153 faciat
1442 2095 1484 2153 rei

308 2182 445 2258 publicae
479 2183 735 2242 administrandae.
783 2183 927 2259 Persaepe
960 2183 1057 2241 utitur
1089 2182 1207 2240 notione
1235 2173 1301 2240 ἅνω
1329 2187 1360 2241 et
1387 2179 1484 2255 καίτοι,

308 2273 419 2329 iterum
442 2275 532 2348 atque
555 2273 664 2331 iterum
688 2271 900 2331 sublimitatem
923 2271 1125 2348 philosophiae
1147 2275 1176 2330 et
1191 2271 1391 2331 humilitatem
1407 2273 1484 2332 vitae

309 2360 444 2436 publicae
467 2360 592 2431 dictitat,
617 2360 779 2418 identidem
803 2360 948 2420 declamat
972 2365 1155 2434 contraeas,
1180 2362 1232 2436 qui
1255 2361 1327 2420 haec
1351 2361 1407 2420 sibi
1423 2381 1483 2420 esse

308 2449 445 2525 opposita
468 2450 661 2508 contendunt:
685 2448 754 2524 Gap.
780 2451 807 2507 9.
836 2451 999 2525 alloquitur
1022 2449 1219 2508 adversarium
1245 2450 1404 2525 quendam,
1433 2451 1485 2526 qui

308 2539 348 2611 ei,
372 2539 452 2613 quod
475 2538 678 2609 descendisset,
702 2537 860 2613 opprobrio
893 2539 1025 2598 dederat:
1054 2527 1124 2596 εἶτα
1147 2531 1257 2616 λέγεις,
1281 2530 1330 2597 ὅτι
1353 2537 1485 2618 κατέβην

307 2618 341 2684 ἐκ
364 2622 559 2706 φιλονεικίας
581 2618 637 2706 τὴν
653 2618 752 2706 ἀρχὴν
767 2618 912 2697 ὑποστὰς
928 2622 985 2706 τῆς
1000 2622 1236 2698 tollenonum
1258 2621 1286 2685 εἰ
1301 2621 1358 2702 μὲν
1374 2619 1484 2700 ἔξεστι

307 2710 370 2773 τῶν
392 2709 508 2796 ἐκείνης
530 2709 657 2796 ἕντραξα
680 2711 972 2794 παραγγελμάτων,
996 2713 1142 2800 κατέβην·
1166 2709 1194 2774 εἰ
1217 2710 1251 2774 δὲ
1273 2711 1485 2790 πανταχόθεν

307 2797 381 2874 τοὺς
404 2797 529 2864 ἐκεῖθεν
551 2797 685 2885 ἐτήρησα
708 2799 833 2881 νόμους,
859 2797 896 2864 ori
919 2805 1065 2884 κατέβην,
1102 2801 1256 2884 ὠφίλος,
1295 2797 1377 2863 ἀλλὰ
1401 2798 1483 2864 κατὰ

309 2889 415 2971 χώραν
448 2886 635 2974 ἀναβέβηκα.
697 2893 765 2969 Gap.
799 2900 940 2970 sequente
972 2896 1062 2953 iterat
1092 2914 1201 2970 magua
1233 2913 1299 2952 cum
1338 2896 1485 2971 gravitate

307 2982 433 3041 uerbum
461 2981 677 3060 καταβαίνεινι
709 2975 783 3040 οὐδὲ
810 2976 871 3060 γὰρ
899 2979 1067 3064 Σωκράτης
1094 2975 1209 3053 ἐκεῖνος
1237 2975 1270 3041 ἐκ
1294 2979 1486 3064 φιλοσοφίας

308 3070 423 3150 κατέβη
453 3116 459 3130 .
488 3119 494 3130 .
521 3117 527 3128 .
556 3063 628 3130 οὐδὲ
657 3062 674 3129 ὁ
702 3066 870 3148 ντοίγκαλος
898 3067 1073 3153 Ξενοφῶν.
1100 3118 1106 3129 .
1132 3117 1138 3128 .
1167 3071 1282 3150 κατέβη
1311 3117 1317 3130 .
1344 3117 1350 3128 .
1376 3119 1382 3132 .
1412 3064 1485 3131 οὐδὲ·

309 3153 505 3240 Παρμενίδης
546 3159 669 3240 κατέβη.
731 3159 873 3219 Similiter
914 3163 1009 3238 capita
1049 3163 1098 3220 36.
1141 3165 1263 3218 exeunte
1302 3160 1484 3219 adversarios

307 3268 464 3326 aggressus
487 3269 518 3310 sa
542 3250 726 3309 descendisse
749 3250 873 3308 refutat:
897 3271 926 3310 se
951 3251 1136 3327 acquiescere
1160 3249 1269 3323 partim
1293 3239 1358 3305 ἅνισ
1375 3249 1484 3323 partim

307 3357 393 3397 κατιο
417 3358 487 3400 esse.

396 3427 510 3487 Similia
529 3447 598 3486 cnm
617 3429 718 3488 eodem
738 3429 797 3486 fere
812 3429 880 3487 lusu
894 3429 1052 3488 verborum
1068 3431 1157 3503 atque
1171 3426 1202 3484 iu
1217 3447 1260 3502 ep.
1281 3426 1353 3485 dicit
1372 3428 1483 3502 cap.l.:

306 3507 326 3572 i*
349 3509 409 3594 γὰρ
433 3509 596 3595 ἒντήραμεν
620 3516 670 3592 (sc.
693 3519 855 3594 imperator
878 3522 908 3577 et
930 3521 1030 3576 orator
1052 3516 1125 3593 ipse)
1154 3511 1347 3596 φιλοσοφίαν
1375 3509 1421 3587 εἷς
1442 3507 1482 3573 τὰ

306 3602 382 3684 ἔργα
405 3598 439 3663 ἐκ
462 3600 525 3663 τῶν
547 3601 650 3683 λόγων
672 3602 906 3685 καταγαγόντες
929 3598 948 3685 ἢ
972 3598 1071 3686 ἄμφω
1092 3600 1378 3686 καταβεβλήκαμεν.
1407 3606 1481 3663 Item

307 3695 451 3768 0ap.19.:
475 3690 610 3774 τοιούτφ
633 3691 756 3773 βασιλεῖ
777 3690 933 3754 κοινωνοῦν
951 3691 1101 3774 τοιαύτης
1120 3686 1220 3772 ἄρχῐς
1243 3687 1280 3752 οὐ
1296 3690 1483 3773 κατήγαγον,

396 3849 416 3912 ²)
436 3848 570 3904 Numerio
589 3857 655 3905 utor
674 3849 811 3905 editionis
831 3850 990 3918 Harduini,
1011 3855 1043 3902 ut
1062 3865 1124 3901 mos
1144 3854 1194 3901 est.
1233 3847 1323 3901 Cuius
1343 3845 1482 3900 editionis

307 3921 418 4004 numeri
442 3922 613 4006 paginarum
636 3922 667 3976 in
687 3922 730 3976 ed.
749 3922 940 4006 Dindorfiana
963 3937 1079 3991 quoque
1095 3917 1197 4002 ¹additi
1221 3923 1301 3987 aunt,
1328 3934 1401 3987 quae
1421 3933 1482 3971 ora·

306 3998 417 4169 aa,
435 3989 1156 4148 tortae.nestorianaeroi

395 4137 416 4277 4λ
435 4135 826 4278 1iiidieiisriiziihiics.oratio
845 4207 876 4259 in
895 4224 952 4276 ees,
973 4225 990 4260 a
1009 4206 1116 4276 quibus
1135 4205 1172 4258 ob
1192 4207 1404 4274 praefecturam
1422 4215 1482 4252 sus·

307 4287 420 4348 ceptam
439 4280 534 4333 fuerat
553 4281 734 4350 vituperatus
753 4279 905 4333 inventore
923 4279 997 4347 Aug.
1012 4277 1091 4330 Maio
1114 4276 1191 4328 1816.
1230 4275 1262 4326 In
1284 4273 1328 4325 ed.
1348 4268 1482 4324 Dindorf.

306 4349 427 4404 iteratur
447 4351 539 4404 oratio
559 4350 697 4406 XXXIV.
718 4368 782 4404 cum
801 4349 873 4402 Maii
892 4349 1080 4418 praefatione.

395 4423 415 4488 ⁶)
436 4421 479 4476 Of.
500 4422 529 4472 in
549 4421 650 4489 primis
670 4428 740 4475 orat.
761 4420 903 4473 XXXIV.
924 4437 984 4488 cap.
1002 4419 1041 4471 11.
