3372 5210
689 305 909 362 „29-

302 482 521 552 Quamobrem
539 483 685 540 orationes
696 481 772 557 ipsas
780 482 1002 556 perlustramus.
1033 479 1123 540 Initio
1133 482 1274 541 orationis
1283 483 1388 555 XVII,

214 591 302 647 quarn
327 570 427 630 statim
451 589 573 629 munere
589 574 708 646 accepto
723 570 836 646 babuit,
853 569 990 640 declarat,
1014 570 1127 629 etiarnsi
1148 571 1273 630 verbum
1289 557 1389 643 αὖθις

211 661 359 724 referatur
389 660 427 718 ad
459 659 546 717 aliam
579 660 708 735 priorem
735 658 951 734 praefecturam
979 659 1146 734 Themistii,
1175 660 1328 719 Valentem
1359 665 1390 720 et

212 749 459 821 Valentinianum,
483 748 607 807 fortasse
630 748 790 807 Jovianum
813 765 931 823 quoque
955 748 1011 806 sibi
1034 767 1091 806 non
1115 751 1232 806 tantum
1247 750 1387 809 honorem

211 838 357 908 tribuisse,
396 857 462 896 oum
502 837 533 894 hi
564 837 624 896 sint
656 830 686 894 οἱ
716 829 848 912 ἔναγχος
879 831 1030 913 βασιλεῖς,
1063 855 1138 913 quos
1170 843 1388 898 commemorat.

128 961 130 965 ,
212 926 276 996 Qua
307 927 338 984 in
369 945 401 984 re
433 926 556 985 verbum
589 917 721 1003 ἔναγχος
753 925 968 1002 angustissimis
996 926 1104 984 finibus
1137 927 1387 988 circumcluditur.

212 1015 297 1085 Quod
321 1015 417 1073 verbis
441 1015 632 1091 sequentibus
656 1015 816 1090 profitetur
838 1014 1054 1089 praefecturam
1076 1034 1106 1074 u.
1123 1014 1223 1090 (Ipolis
1240 1035 1389 1075 summurn

211 1124 274 1164 esse
299 1104 431 1163 omnium
446 1103 601 1175 honorum,
625 1103 733 1178 quibus
756 1104 878 1162 affectus
894 1103 940 1175 sit,
964 1122 1030 1161 curn
1053 1108 1140 1162 antea
1154 1123 1213 1162 non
1228 1104 1287 1162 iam
1303 1105 1335 1163 P.
1352 1105 1388 1164 V.

211 1194 301 1251 fuisse
324 1187 461 1271 liquetl)
508 1192 590 1251 Orat.
614 1192 748 1252 XXXlV.
773 1211 836 1266 cap.
862 1192 912 1250 15.
937 1193 1067 1250 omnium
1090 1193 1250 1263 honorum,
1280 1193 1389 1269 quihus

212 1301 229 1339 a
251 1282 404 1340 nonnullis
426 1281 654 1356 imperatoribus
679 1284 799 1340 ornatus
823 1283 893 1351 erat,
917 1299 1067 1339 summum
1087 1285 1242 1340 enumerat
1258 1283 1388 1357 praefec-

211 1376 310 1428 turam
333 1391 350 1428 a
373 1367 537 1429 Theodosio
561 1374 720 1446 acceptam,
748 1370 827 1428 unde
850 1373 973 1445 apparet
1004 1370 1199 1428 Themistium
1232 1389 1325 1446 usque
1352 1371 1389 1429 ad

209 1458 239 1516 id
268 1463 385 1534 tempus
409 1459 594 1534 praefectura
621 1459 915 1518 nondumfunctum
944 1478 1014 1518 esse.
1060 1459 1094 1516 In
1124 1459 1255 1518 oratione
1282 1459 1388 1518 XXXI.

211 1549 265 1606 sub
290 1548 393 1606 eodem
416 1548 580 1606 Theodosio
603 1547 705 1606 habita
727 1548 806 1606 inter
829 1547 926 1606 varios
949 1548 1075 1606 honores
1099 1547 1154 1606 sibi
1170 1547 1284 1606 oblatos
1299 1567 1389 1606 unam

209 1637 428 1712 praefecturam
460 1657 477 1694 a
508 1637 671 1695 Theodosio
715 1640 864 1710 acceptam
901 1639 1122 1706 commemorat,
1162 1637 1197 1694 cf.
1236 1657 1264 1712 p.
1305 1638 1389 1695 353²

212 1717 348 1804 ὁπηνίκα
372 1720 518 1802 πάροχον
541 1717 644 1802 ἑαυτῷ
672 1723 842 1782 ποιεῖσθαι
870 1717 934 1782 δεῖν
962 1714 1041 1802 ιξὶετό
1064 1741 1104 1799 με
1130 1716 1146 1782 d
1175 1717 1389 1803 circapoirwp.

301 1813 437 1882 Quibus
460 1815 566 1872 rebus
590 1813 745 1890 cognitis
769 1812 1002 1871 Themistium
1027 1814 1133 1872 semel
1156 1806 1296 1872 tanturn
1313 1833 1386 1872 mu·

211 1921 292 1978 nere
325 1903 357 1959 P.
388 1901 420 1960 V.
446 1901 565 1977 Opolis
593 1902 758 1961 functum
781 1921 856 1961 esse
885 1901 1085 1978 omniaque,
1119 1921 1206 1976 quae
1239 1904 1388 1961 tradunt

210 1991 386 2064 lemmata,
414 1990 597 2049 reicienda
625 2010 699 2050 asse
731 1993 840 2066 patet.
887 1991 922 2047 ln
950 1991 1024 2049 hanc
1052 2011 1141 2049 unam
1171 1991 1387 2066 praefecturam

211 2099 265 2154 ep,
289 2079 324 2136 de
349 2098 407 2154 quo
431 2080 559 2156 agimus
584 2079 729 2155 scriptum
752 2099 814 2140 csse
842 2083 952 2154 potest,
987 2080 1065 2154 quod
1095 2080 1227 2138 oratione,
1252 2081 1308 2138 hoc
1343 2099 1387 2155 ep.

210 2169 369 2244 repellente
392 2169 567 2227 affirmatur.
613 2169 801 2245 Lenrmatum
825 2187 954 2226 errorem
978 2169 1032 2226 boc
1060 2168 1147 2226 modo
1176 2171 1296 2227 enatum
1326 2187 1389 2227 esse

212 2261 298 2331 puto:
323 2257 503 2316 Themistius
527 2277 708 2332 quamquam
725 2257 781 2314 sibi
801 2257 1016 2331 praefecturam
1032 2256 1189 2332 aliquoties
1206 2278 1222 2315 a
1239 2258 1388 2316 nonnullis

212 2351 278 2402 ante
302 2345 498 2403 Theodosium
528 2345 756 2420 imperatoribus
785 2346 913 2404 oblatam
941 2365 1003 2404 esse
1030 2348 1142 2419 narrat,
1171 2349 1269 2404 tamen
1297 2347 1388 2406 semel

211 2437 326 2491 tantum
360 2453 390 2492 se
423 2434 568 2509 accepisse
601 2435 672 2493 dicit
704 2439 776 2493 orat.
809 2432 943 2494 XXXIV.
968 2455 1029 2511 cap.
1062 2436 1110 2493 13.
1140 2438 1170 2493 et
1200 2436 1249 2492 14.
1302 2435 1387 2504 Quod

210 2522 317 2581 Suidas
341 2541 461 2599 quoque
485 2523 634 2599 expressit,
659 2543 725 2582 curn
750 2525 873 2582 diceret:
898 2525 1075 2583 ThemiStius
1098 2519 1300 2603 προεβλήθη,
1330 2542 1388 2581 non

210 2612 306 2671 factus
339 2615 383 2670 est
411 2613 444 2670 P.
468 2613 504 2671 V.
533 2613 668 2672 Fortasse
701 2613 877 2688 posteriores
909 2613 1128 2688 praefecturam
1162 2613 1292 2670 oblatam
1325 2631 1387 2670 essa

210 2701 347 2770 sciebant,
372 2700 423 2758 sed
446 2705 611 2759 recusatam
636 2721 698 2760 esse
720 2701 913 2760 aTbemistio
936 2701 1113 2775 nesciebant,
1136 2701 1167 2757 id
1184 2700 1264 2775 quod
1280 2701 1310 2770 ii,
1335 2700 1386 2776 qui

211 2789 352 2847 lemmata
375 2789 604 2864 adscripserunt,
627 2783 904 2864 permiscuerunt.²)

300 2877 422 2933 Iamiam
458 2877 667 2953 quaerentibus
699 2878 797 2952 nobis,
832 2896 900 2954 quo
924 2882 1084 2953 tempore
1107 2879 1173 2935 boe
1197 2897 1246 2953 ep.
1271 2879 1385 2953 scrip·
1473 2903 1475 2908 ’

210 2968 287 3024 tum
311 2965 372 3038 sit,
396 2967 642 3040 perscrutandum
665 2971 721 3042 est,
745 2986 814 3044 quo
837 2967 981 3043 imperii
1005 2967 1199 3026 Theodosii
1227 2970 1387 3042 tempore

210 3054 432 3112 Themistius
450 3055 531 3113 urbi
550 3054 651 3131 Opoli
674 3056 890 3131 praefuerit,
914 3057 994 3132 quod
1010 3060 1045 3114 ut
1059 3056 1278 3132 intellegamus,
1303 3055 1388 3113 nobis

211 3143 357 3202 orationes
380 3143 533 3202 Themistii
556 3145 687 3203 subsidIo
710 3145 848 3203 veniunt:
1278 3165 1282 3172 ·

300 3232 348 3291 Or.
365 3232 445 3292 XVI.
469 3233 570 3292 habita
593 3237 638 3292 est
655 3254 753 3293 mense
776 3235 919 3292 (Ianuario
942 3234 1011 3292 anni
1034 3255 1062 3309 p.
1079 3233 1130 3292 Oh.
1154 3254 1181 3292 n.
1200 3234 1282 3306 383,
1306 3236 1385 3307 post·

210 3339 299 3396 quam
328 3321 505 3380 Saturninus
533 3323 718 3382 consulatum
744 3323 811 3381 iniit
833 3323 937 3399 quinto
967 3322 1085 3397 imperii
1113 3321 1270 3379 Theodosii
1302 3339 1387 3380 anno.

211 3409 261 3469 Or.
276 3410 381 3483 XVII,
404 3415 561 3485 postquam
585 3412 648 3485 ipse
670 3413 884 3485 praefecturam
899 3411 982 3468 urbis
999 3409 1098 3484 Opolis
1114 3409 1235 3484 accepit,
1259 3412 1294 3466 ut
1316 3409 1386 3467 dixi·

210 3515 284 3556 mus.
331 3497 412 3555 Orat.
435 3499 547 3556 XVIII.
580 3502 662 3557 sexto
694 3498 881 3574 imperatoris
904 3498 1060 3557 Theodosii
1092 3517 1168 3556 anno
1203 3498 1304 3556 habita
1333 3502 1387 3568 est,

211 3589 284 3664 orat.
308 3585 443 3644 XXXIV.
467 3589 535 3661 post
558 3588 775 3661 praefecturam
797 3587 855 3645 iam
880 3587 1051 3663 depositam.

301 3673 375 3732 (lum
396 3675 578 3734 Theodosius
601 3680 669 3734 ante
692 3676 768 3736 diem
786 3677 864 3735 XIV.
882 3676 946 3734 Kal.
970 3676 1054 3734 Febr.
1078 3696 1103 3736 a.
1128 3677 1201 3735 379.
1225 3677 1389 3752 imperator

210 3764 309 3822 factus
333 3764 384 3838 sit,
417 3769 516 3824 sextus
544 3765 607 3824 eius
634 3764 751 3841 imperii
779 3785 872 3824 annus
896 3770 941 3825 est
963 3766 1031 3823 inde
1055 3765 1091 3822 ab
1115 3784 1140 3825 a.
1162 3766 1196 3828 d.
1215 3765 1296 3824 XIV.
1320 3765 1386 3823 Kal.
1459 3789 1465 3794 ·

208 3853 295 3912 Febr.
321 3853 390 3911 anni
406 3854 480 3911 384.
498 3873 591 3930 usque
614 3854 651 3912 ad
668 3875 692 3914 a.
710 3855 737 3912 d.
757 3855 820 3912 XV.
837 3855 903 3912 Kal.
919 3855 1003 3913 Febr.
1028 3855 1096 3911 anni
1122 3854 1204 3928 385,
1229 3872 1287 3930 quo
1311 3871 1387 3911 anno

210 3942 304 3999 oratio
333 3941 444 4001 XVIII.
468 3942 568 4001 habita
591 3947 643 4003 est.
691 3944 755 4014 Qua
782 3944 813 4001 in
837 3945 967 4001 oratione
991 3962 1059 4002 cum
1082 3943 1284 4018 praefecturae
1308 3961 1386 3999 men·

238 4177 246 4200 >
301 4112 389 4194 1),Οτ.
408 4112 506 4200 XVII.
525 4115 679 4200 214ηοιῖκαὶ
697 4113 864 4201 ναρατρέχει
884 4115 932 4184 (sc.
952 4113 1142 4181 Theodosius)
1162 4106 1230 4175 τοὺς
1242 4108 1388 4183 ,πρότερον

210 4185 789 4324 avwajlmVViVededffiVIViiaiduedidid’nvr
798 4188 1142 4325 xndnkprogrediendum
1165 4262 1221 4321 est,
1246 4256 1297 4325 qui
1324 4255 1343 4308 l.
1365 4255 1385 4310 l.

210 4343 236 4394 p.
250 4327 312 4381 459.
333 4325 431 4383 adnot.
451 4326 560 4381 conicit
578 4326 685 4380 vidisse
704 4328 757 4382 hos
775 4328 909 4381 librarios
928 4328 1049 4381 fortasse
1068 4326 1181 4382 litteras
1201 4327 1314 4397 aliquas
1333 4327 1387 4391 Ju-

209 4395 282 4449 liani
302 4398 458 4452 autetiam
477 4398 620 4467 Valentis,
641 4416 714 4468 quae
733 4399 893 4453 Themistio
913 4416 976 4453 earn
995 4398 1168 4468 dignitatem
1188 4397 1355 4452 offerebant.
