3372 5210
729 305 948 362 -39...

251 477 399 562 0660661)
445 481 553 542 Nostra
566 481 597 540 id
613 501 706 540 unum
724 482 852 540 ¹interest
868 499 979 552 eruere,
1003 500 1062 558 quo
1085 485 1219 557 tempore
1234 482 1308 542 haec
1321 483 1426 562 domus

253 571 409 631 aedificata
431 571 478 630 sit.
526 570 610 641 Quod
632 576 669 630 60
691 570 910 648 perspiciamus,
934 573 1016 630 actas
1038 570 1169 629 Marinae
1185 569 1327 647 coneedit,
1351 591 1426 648 quae

250 679 276 718 6.
301 661 375 720 403.
398 662 467 720 6606
490 663 520 718 60
540 679 567 718 a.
592 661 665 719 449.
688 663 807 719 mortua
830 653 910 736 est-d)
956 653 1038 742 Ante
1060 679 1170 718 annum
1194 661 1268 720 420.
1295 680 1355 720 666
1383 663 1427 721 660

251 749 315 808 veri
337 749 432 809 simile
448 749 538 807 filiam
561 749 749 824 imperatoris
772 752 843 808 tunc
864 743 1135 809 duodevicesimam
1157 768 1267 808 annum
1290 753 1426 826 agentem

252 836 373 897 domum
402 839 459 897 sibi
483 837 658 898 aedificasse.
708 837 865 896 Praeterea
893 856 1065 912 persuasum
1093 837 1187 896 habeo
1214 838 1270 898 hoc
1298 858 1344 914 ep.
1365 857 1425 918 non

211 951 217 972 τ
251 927 346 985 multo
378 930 447 1002 post
480 927 602 986 domum
638 926 877 1002 peraedificatam
913 926 1057 1002 scriptum
1090 945 1165 1001 esse,
1201 946 1270 985 nem
1294 927 1425 987 deorum

250 1015 407 1075 simulacra
430 1018 545 1074 mutata
569 1015 736 1075 instatura
759 1014 952 1088 Christianae,
981 1015 1061 1090 quod
1085 1015 1118 1072 in
1140 1015 1271 1074 aedificio
1295 1016 1424 1092 quodam

252 1104 400 1164 collocate
415 1107 512 1176 erant,
535 1107 598 1164 tarn
621 1105 674 1163 diu
696 1122 925 1164 commemorare
949 1122 1055 1180 operae
1078 1103 1209 1179 pretium
1232 1108 1303 1175 erat,
1327 1105 1426 1182 quoad

250 1194 306 1252 hoc
329 1193 496 1252 aedificium
524 1212 632 1252 novum
660 1197 732 1252 erat.
778 1192 902 1252 Etiamsi
929 1192 1003 1252 hanc
1036 1192 1157 1251 domum
1185 1193 1316 1252 Marinae
1348 1192 1425 1251 aedi-

249 1282 366 1342 ficatam
399 1283 436 1341 ad
465 1283 614 1342 recentius
641 1286 772 1358 tempus,
805 1282 842 1341 ad
872 1301 980 1340 annum
1005 1282 1078 1340 440.
1112 1281 1229 1341 circiter
1259 1281 1425 1357 referimus,

251 1371 387 1430 Palladas
409 1374 513 1430 auctor
535 1371 625 1429 huius
648 1390 694 1447 ep.
710 1391 772 1432 6666
795 1374 906 1446 petest,
930 1389 997 1429 oum
1021 1371 1058 1428 ad
1073 1389 1220 1429 summam
1245 1374 1425 1431 senectutem

252 1459 426 1535 pervenerit.

339 1548 421 1608 Haec
444 1554 514 1607 sunt
529 1549 635 1609 aetatis
651 1548 789 1608 Palladae
812 1553 892 1609 certa
911 1547 1088 1622 testimonia,
1112 1567 1188 1622 quae
1203 1548 1251 1606 hic
1271 1548 1426 1624 complecti

250 1636 323 1695 mihi
346 1637 446 1696 liceat:

363 1745 388 1784 a.
410 1727 530 1784 ineunte
555 1727 629 1784 384.
652 1727 796 1802 scriptum
820 1728 865 1784 est
889 1744 934 1801 ep.
957 1724 1009 1784 XI.
1028 1726 1102 1798 292,

361 1817 429 1872 6606
453 1833 563 1872 annum
587 1813 662 1873 415.
685 1835 729 1889 cp.
752 1815 804 1872 IX.
822 1815 897 1883 400,

363 1906 433 1978 post
455 1923 565 1962 annum
589 1906 663 1963 420.
687 1923 732 1979 ep.
756 1902 807 1961 IX.
826 1903 899 1962 028.

339 1991 384 2050 Ex
414 2012 460 2068 ep.
483 1993 519 2054 X.
546 1993 597 2054 97.
630 1993 834 2070 cognoscimus
862 1991 1013 2050 Palladem
1047 1991 1203 2050 minimum
1236 1993 1425 2069 septuaginta

251 2080 326 2139 duos
349 2099 440 2140 annos
456 2080 547 2140 fuisse
568 2084 681 2142 natum.
720 2081 830 2157 866016,
855 2081 934 2156 quod
949 2081 1073 2140 interest
1093 2080 1172 2139 inter
1194 2081 1335 2140 terminos
1352 2082 1425 2158 384.

250 2173 280 2228 60
304 2171 379 2228 420.
406 2169 559 2228 Palladem
575 2171 729 2246 *pleraque
757 2189 824 2245 epp.
853 2169 1004 2244 scripsisse
1033 2171 1165 2245 apparet.
1211 2169 1369 2228 Praeterea
1401 2170 1426 2230 si

250 2257 511 2318 deliberaverimus
547 2259 612 2317 fieri
650 2277 708 2317 non
746 2277 844 2333 posse,
883 2257 956 2333 quin
989 2258 1124 2317 Palladas
1161 2257 1278 2319 iuvenis
1318 2258 1426 2336 viginti

249 2346 406 2404 minimum
430 2365 573 2406 annorum
597 2347 698 2420 fuerit,
722 2366 790 2406 cum
809 2347 840 2404 in
855 2346 1050 2405 Themistium
1073 2347 1173 2406 invehi
1194 2366 1284 2407 ausus
1307 2348 1425 2422 aetite,

250 2438 286 2494 ut
309 2435 358 2494 hic
384 2435 545 2494 admodum
573 2455 659 2495 senex
687 2455 762 2511 opus
799 2455 861 2496 esse
889 2438 1011 2511 putaret
1042 2436 1185 2511 repellere
1221 2436 1425 2506 invectionem,

250 2524 468 2584 eoncedendum
491 2525 575 2584 uobis
599 2529 643 2584 660
660 2526 814 2584 Palladem
837 2543 911 2584 anno
933 2525 1006 2583 384.
1029 2525 1179 2602 maiorem,
1201 2543 1260 2584 non
1282 2525 1426 2584 minorem
1527 2555 1531 2562 ·

249 2613 340 2672 fuisse
357 2613 464 2690 viginti
480 2614 570 2674 annis.
604 2614 718 2684 Quibus
742 2633 777 2672 ex
801 2614 896 2673 causis
918 2613 1071 2672 Palladem
1094 2614 1174 2672 inter
1195 2632 1285 2672 annos
1305 2614 1427 2672 circiter

251 2703 324 2761 350.
341 2707 371 2761 60
388 2703 461 2761 365.
484 2707 588 2761 natum
611 2722 672 2762 esse
696 2702 899 2762 coniciendum
923 2705 975 2770 est,
998 2702 1077 2760 unde
1100 2701 1236 2776 sequitur
1259 2720 1327 2760 eum
1349 2702 1427 2760 inter

250 2809 340 2850 annos
371 2791 432 2849 fere
456 2793 530 2850 420.
554 2796 585 2849 60
613 2792 686 2850 440.
710 2791 789 2849 diem
817 2809 991 2865 supremum
1023 2790 1138 2850 obiisse.
1188 2790 1306 2849 Floruit
1332 2790 1426 2867 igitur

251 2882 357 2954 quarto
381 2899 410 2954 p.
434 2879 464 2938 0.
488 2901 516 2937 6.
540 2880 657 2938 6666616
682 2882 805 2938 exeunte
829 2879 933 2954 quinto
956 2879 1085 2938 ineunte.

338 2967 399 3026 Nos
423 2967 543 3042 quidem
572 2989 607 3027 ex
631 2969 768 3027 Palladae
797 2987 863 3044 epp.
887 2970 1013 3026 aetatem
1036 2968 1259 3044 exquisivimus,
1283 2969 1426 3027 etmulti

252 3057 315 3116 vice
338 3074 423 3115 versa
446 3057 482 3114 ab
507 3060 604 3116 aetate
620 3058 757 3116 Palladae
780 3057 910 3133 profecti
934 3056 997 3116 eius
1020 3076 1086 3133 666.
1110 3057 1147 3115 ad
1170 3041 1302 3116 homines
1326 3061 1357 3116 60
1379 3076 1426 3116 res

249 3145 386 3222 aequales
408 3145 520 3204 referre
544 3147 641 3206 conati
664 3151 741 3206 sunt.
788 3145 927 3216 Quamvis
950 3164 997 3204 res
1017 3145 1057 3204 sit
1078 3146 1243 3221 laudabilis,
1266 3150 1366 3205 tamen
1389 3146 1426 3205 ab

249 3235 335 3293 initio
358 3234 538 3293 monendum
567 3240 686 3295 660666
710 3235 746 3295 de
774 3239 985 3311 66606666οω
1014 3235 1131 3310 assequi
1157 3235 1230 3293 nihil
1260 3253 1346 3310 posse
1369 3235 1426 3294 nisi

250 3343 345 3383 meras
369 3324 561 3384 coniecturas.

234 3456 238 3462 .
338 3412 412 3488 Epp.
432 3413 501 3472 VII.
523 3414 707 3472 681-688.
732 3411 852 3472 Gessius
876 3411 997 3487 quidam
1019 3411 1165 3470 illuditur.
1212 3410 1284 3481 Quis
1307 3413 1351 3471 est
1373 3411 1426 3469 ille

252 3499 391 3560 Gessius?
423 3501 547 3558 lamiam
563 3501 771 3578 perquiramus
787 3520 854 3576 epp.
876 3500 953 3575 ipsa:
975 3500 1077 3557 omnia
1091 3500 1123 3557 in
1145 3499 1271 3560 eundem
1288 3499 1425 3560 Gessium

248 3589 348 3648 invehi
371 3593 507 3664 apparet,
531 3590 583 3648 sed
606 3583 744 3649 Gessium
768 3609 812 3664 ep.
829 3588 909 3647 XVI.
927 3588 1000 3648 317.
1023 3587 1144 3647 irrisum
1166 3589 1258 3648 alium
1280 3609 1342 3649 6666
1365 3590 1425 3648 iam

249 3697 340 3754 supra
362 3699 391 3754 p.
419 3678 469 3740 17.
496 3679 733 3739 monstravimus.
779 3679 938 3738 Praeterea
961 3678 1067 3736 docent
1090 3697 1156 3755 epp.
1178 3679 1265 3737 illum
1288 3678 1423 3739 Gessium

249 3786 380 3828 summos
417 3767 610 3844 magistratus
651 3767 842 3846 appetivisse,¹
873 3767 925 3826 sed
962 3766 1135 3843 priusquam
1167 3785 1217 3827 eos
1250 3769 1425 3827 consecutus

249 3860 334 3932 esset,
362 3875 424 3916 esse
447 3860 612 3934 mortuum;
642 3877 688 3934 66.
713 3857 785 3917 688.
808 3877 836 3917 v.
861 3858 890 3914 2.
913 3859 999 3914 66060
1020 3856 1174 3934 honorem,
1202 3856 1251 3914 cui
1273 3855 1424 3914 studebat:

248 3940 311 4004 τῶν
333 3941 483 4024 μεγάλων
505 3937 642 4004 dedecor
665 3940 790 4016 06666·
813 3949 858 4005 660
871 3945 965 4022 igitur
981 3945 1161 4004 consulatus.
1193 3940 1319 4002 Vicum
1338 3962 1422 4003 neca·

249 4038 315 4092 tum
348 4053 409 4094 esse
442 4035 557 4094 elucere
589 4036 708 4095 videtur
732 4056 767 4093 ex
799 4055 843 4110 ep.
874 4035 947 4092 682.
970 4054 997 4093 v.
1022 4035 1051 4090 2.
1084 4025 1182 4103 αὐτὸς
1213 4024 1270 4110 τὴν
1302 4035 1426 4113 Μοῖραν

340 4260 360 4329 ¹)
385 4259 469 4313 Hanc
497 4257 615 4312 domum
641 4274 693 4328 per
717 4258 841 4312 multum
864 4265 979 4330 tempus
1004 4264 1105 4328 postea
1123 4262 1265 4313 servatam
1284 4273 1345 4312 csse
1363 4257 1425 4309 Du·

249 4331 369 4400 cangius
387 4329 563 4384 testimoniis
581 4329 715 4400 probavit
734 4329 882 4385 Constant.
904 4330 1059 4384 Christian.
1077 4329 1149 4383 1.ΙΙ.
1168 4347 1197 4400 p.
1212 4329 1272 4384 143.

339 4403 360 4473 ²)
379 4401 512 4456 Chronic.
532 4401 630 4472 pasch.
649 4419 676 4472 p.
690 4401 751 4456 586.
