3372 5210
769 359 991 417 ,86-

291 528 427 610 στίχους,
442 535 602 595 trimetros
617 535 757 596 iambicos
773 537 916 595 adhibuit.
955 538 998 595 Ex
1015 537 1125 612 quibus
1148 537 1289 596 nimirum
1310 540 1466 599 maximam

291 629 405 698 partem
434 629 581 699 occupant
613 625 737 684 disticha
765 626 905 702 elegiaca,
940 626 1048 701 quibus
1074 627 1136 684 123
1170 646 1237 702 epp.
1262 646 1297 686 ex
1328 629 1390 686 144
1414 648 1466 706 ge-

291 712 389 772 nuinis
413 733 478 790 epp.
494 711 634 773 Palladae
656 715 818 790 composita
840 719 917 786 sunt,
941 715 992 774 sed
1015 715 1074 773 duo
1098 735 1163 791 epp.
1187 716 1365 776 hexametris
1388 718 1466 794 solie,

293 802 333 859 19
363 821 429 877 epp.
458 793 774 876 iambicistrimetris3
809 823 844 861 ex
872 804 912 862 27
943 823 1009 879 epp.
1042 804 1140 862 dubiis
1168 805 1306 863 Palladae
1332 808 1372 863 22
1401 826 1466 882 epp.

290 889 423 949 distichis
452 891 599 968 elegiacis,
634 893 652 949 3
688 911 754 967 epp.
787 892 919 952 iambicis
952 893 1108 966 trimetris,
1142 895 1160 951 2
1195 913 1260 969 epp.
1290 894 1466 956 hexametris

289 971 372 1036 κατὰ
395 979 520 1053 στίχους
543 981 705 1057 composita
728 984 806 1041 sunt.

811 1189 896 1257 h.

355 1335 403 1392 De
427 1335 596 1396 distichis
620 1337 795 1413 elegiacis
819 1342 853 1396 et
875 1337 1090 1397 hexametris
1114 1331 1210 1396 κατὰ
1235 1333 1389 1412 στίχους

658 1441 661 1450 ‘
704 1449 707 1456 ⁴
753 1443 971 1519 compositis
1047 1457 1049 1460 ·

377 1602 573 1678 Perquirendi
600 1603 684 1662 nobis
712 1607 782 1662 sunt
811 1623 846 1661 ex
871 1604 933 1662 123
963 1624 1027 1680 epp.
1059 1606 1121 1662 274
1156 1605 1315 1664 hexametri
1339 1609 1369 1664 et
1391 1608 1459 1665 toti-

289 1691 356 1749 dem
387 1692 578 1767 pentametri,
611 1692 756 1750 accedunt
785 1695 802 1749 7
833 1693 992 1750 hexametri
1024 1686 1106 1750 κατὰ
1140 1693 1266 1768 στίχους
1297 1696 1460 1770 compositi.

288 1780 331 1838 Ex
351 1782 391 1839 22
416 1779 515 1840 dubiis
543 1801 608 1856 epp.
638 1783 679 1838 42
704 1781 865 1839 hexametri
893 1787 923 1839 et
950 1782 1074 1844 totidem
1099 1777 1286 1857 pentametri,
1310 1788 1462 1859 praeterea

289 1869 329 1926 16
354 1861 437 1926 κατὰ
455 1868 586 1942 ’στίχους
613 1869 776 1928 hexametri
803 1871 991 1947 comparandi
1016 1874 1094 1930 sunt.
1140 1871 1182 1929 Ut
1204 1871 1329 1931 alicuius
1356 1877 1461 1948 poetae

287 1960 380 2014 artem
398 1956 552 2016 metricam
571 1961 708 2017 accurate
729 1964 760 2016 et
783 1963 863 2017 certo
886 1959 1107 2034 perspiciamus,
1131 1960 1320 2018 manifestum
1344 1965 1390 2021 est
1412 1981 1461 2022 eos

286 2045 364 2104 solos
392 2064 495 2105 versus
527 2048 755 2123 perscrutandos
783 2065 857 2114 esse,
890 2048 942 2123 qui
970 2068 1041 2106 num
1069 2049 1190 2125 genuini
1222 2049 1292 2120 sint,
1325 2069 1384 2108 non
1416 2055 1461 2110 est

286 2134 490 2194 dubitandum.
538 2135 623 2205 Quod
646 2137 677 2193 in
700 2136 803 2213 primis
825 2136 883 2194 viri
906 2137 998 2209 docti,
1026 2138 1078 2213 qui
1102 2138 1137 2195 de
1162 2142 1225 2196 arte
1252 2139 1375 2198 metrica
1402 2141 1459 2214 epi·

285 2225 634 2300 grammatographorum
668 2229 793 2302 egerunt
819 2257 863 2266 —
891 2229 960 2283 sunt
992 2227 1088 2285 adhuc
1116 2227 1195 2284 haud
1227 2225 1269 2284 ita
1300 2228 1387 2286 multi
1415 2262 1460 2270 —

285 2305 488 2388 neglexerunt3
517 2318 671 2387 praeterea
699 2332 800 2372 eorum
829 2319 998 2389 poetarum,
1027 2316 1079 2390 qui
1107 2315 1164 2373 alia
1187 2333 1306 2390 quoque
1331 2317 1460 2375 carmina

284 2404 403 2474 praeter
430 2420 495 2476 epp.
524 2403 718 2477 scripserunt,
747 2403 845 2460 omnia
872 2404 1002 2461 carmina
1025 2423 1119 2480 aequo
1147 2403 1233 2462 modo
1261 2410 1459 2480 excusserunt,

284 2491 400 2547 utnon
425 2490 529 2564 omnia,
554 2510 629 2565 quae
652 2491 697 2548 illi
719 2491 903 2565 invenerunt,
927 2511 995 2550 curn
1019 2512 1085 2568 epp.
1101 2511 1202 2550 eorum
1219 2497 1382 2567 poetarum,
1406 2495 1458 2571 qui

284 2597 351 2653 epp.
379 2579 441 2636 sola
464 2583 706 2655 composuerunt,
736 2581 899 2655 comparari
927 2580 1048 2655 possint.
1095 2581 1228 2640 Historia
1251 2581 1295 2640 rei
1317 2583 1457 2642 metricae

283 2687 349 2743 epp.
373 2666 552 2726 Graecorum
576 2668 706 2726 nondum
731 2669 878 2744 descripta
901 2672 959 2740 est,
991 2670 1029 2727 ad
1058 2689 1146 2744 quam
1171 2671 1381 2746 explanandam
1405 2673 1457 2730 has

284 2755 432 2830 symbolas
455 2757 570 2814 adferre
595 2757 667 2815 mihi
689 2758 784 2816 liceat.

372 2836 567 2904 Hexametros
596 2846 722 2905 Graecos
750 2847 786 2904 ab
814 2847 966 2922 ingeniosa
993 2847 1111 2906 licentia
1142 2852 1173 2906 et
1199 2848 1292 2906 fertili
1325 2849 1457 2908 sollertia

282 2931 406 2990 Homeri
433 2951 528 3008 usque
556 2934 594 2993 ad
620 2936 807 2996 severitatem
835 2930 1009 2995 Callimachi
1040 2940 1069 2994 et
1097 2936 1134 2994 ed
1163 2937 1363 2996 morositatem
1392 2938 1453 3015 lan·

281 3024 422 3096 guentem
461 3025 490 3079 et
527 3024 659 3099 angustis
692 3023 807 3100 legibus
840 3027 1003 3083 coartatam
1036 3024 1133 3083 Nonni
1163 3026 1320 3100 procedere
1351 3031 1456 3085 notum

281 3112 335 3168 est.
376 3110 529 3168 Palladem
545 3129 612 3169 cum
636 3111 712 3170 inter
735 3112 948 3172 Callimachum
965 3119 995 3172 et
1009 3113 1148 3172 Nonnum
1163 3114 1305 3189 floruerit,
1330 3115 1455 3174 fortasse

281 3197 370 3257 huius
393 3199 525 3274 aequalis
548 3199 642 3258 maior
665 3205 737 3259 netu
761 3202 865 3275 fuerit,
888 3203 998 3260 etiam
1023 3207 1101 3261 arte
1125 3223 1188 3262 sna
1210 3203 1361 3262 metrica
1384 3213 1454 3262 me-

280 3287 376 3345 dinm
401 3307 476 3347 esse
501 3289 596 3347 inter
619 3290 681 3348 hos
704 3293 829 3365 poetas
853 3291 970 3349 conici
993 3294 1126 3366 potest,
1154 3291 1247 3367 quod
1272 3312 1353 3351 num
1376 3294 1454 3351 Pal-

279 3375 382 3434 ledce
407 3395 481 3452 epp.
505 3378 772 3454 comprobetur,
795 3384 1074 3455 perscrutemur.

368 3465 412 3522 Ex
439 3473 607 3542 temporum
635 3469 747 3526 ratione
776 3469 1013 3527 hexametrorum
1041 3469 1151 3544 dactyli
1178 3469 1273 3546 magis
1301 3469 1454 3546 magisque
1508 3503 1511 3512 ·

280 3573 403 3611 nurnero
436 3560 577 3629 superant
608 3557 753 3631 spondeos
784 3557 852 3615 inde
885 3558 921 3615 ab
954 3557 1084 3616 Homero
1117 3551 1257 3640 (2²f3:l)
1289 3577 1384 3634 usque
1416 3559 1454 3618 ad

279 3640 416 3699 Nonnum
441 3637 550 3726 (5⁷f15:
564 3645 602 3717 1).
611 3639 634 3719 ι)
1180 3723 1181 3726 Ἴ

370 3731 539 3790 Invenimus
566 3733 596 3810 in
620 3733 760 3791 Palladee
777 3735 838 3792 281
869 3735 1106 3794 hexametrorum
1135 3739 1277 3810 quattuor
1304 3734 1453 3812 prioribus

279 3818 404 3894 pedibus
417 3820 477 3879 777
491 3821 623 3898 dactylos
638 3825 668 3879 et
684 3823 745 3880 347
763 3823 907 3898 spondeos
923 3823 953 3900 (i.
968 3843 992 3882 e.
1004 3817 1135 3905 21s821);
1156 3825 1202 3900 sin
1214 3829 1314 3883 eutem
1333 3825 1452 3900 quintos

279 3908 368 3983 pedes
391 3909 591 3987 adiungimus,
622 3911 707 3969 1055
741 3911 874 3988 dactylos
907 3920 937 3970 et
971 3914 1034 3971 350
1063 3913 1216 3988 spondeos.
1263 3913 1343 3982 Quae
1376 3932 1451 3972 com·

279 3998 394 4071 paratio
417 4017 475 4056 non
498 4000 658 4074 respondet
680 4000 864 4060 coniecturae
892 4005 1022 4071 nostrae,
1051 4001 1102 4060 sed
1129 4003 1252 4078 propius
1279 4002 1392 4061 accedit
1415 4002 1451 4061 ad

279 4085 402 4144 Homeri
429 4089 677 4163 comparationem
706 4084 836 4172 (2²l3:1)
865 4109 954 4165 quarn
978 4090 1148 4149 Callimachi
1171 4084 1314 4172 (3⁸s5tl),
1342 4091 1451 4149 nedum

277 4172 374 4231 Nonni
399 4168 475 4258 (5³7⁸
501 4180 530 4234 et
555 4171 694 4260 571521).

276 4313 489 4323 -—.—,

289 4415 291 4419 ,
366 4380 387 4448 ¹)
406 4379 449 4434 Cf.
469 4381 599 4436 tabulam
617 4383 654 4436 ab
673 4384 707 4438 A.
727 4384 898 4439 Ludwichio
916 4385 944 4440 J.
958 4386 985 4440 J.
1007 4386 1066 4439 109.
1085 4405 1113 4456 p.
1127 4385 1187 4441 236.
1213 4386 1403 4456 compositam
1421 4392 1450 4440 et

276 4451 415 4504 Beneckii
434 4449 544 4508 dissert.
564 4454 682 4523 Argent.
711 4456 755 4509 De
774 4462 835 4510 erte
854 4457 973 4511 metrica
992 4456 1164 4511 Callimachi
1183 4475 1208 4511 a.
1230 4458 1307 4512 1880.

1675 2325 1683 2402 ί
