3372 5210
707 295 928 352 -43-

234 492 324 534 causa
346 472 447 530 addita
469 472 500 530 in
522 472 700 549 anthologiis
715 491 774 531 non
796 473 903 532 inveni
949 473 1008 532 Sed
1031 473 1101 532 6661
1123 474 1307 550 cognomina,
1331 493 1407 551 quac

234 561 459 638 cognominibus
481 561 599 620 usitatis
622 562 751 637 exceptis
773 581 791 619 a
813 562 910 620 scriba
931 563 1057 620 lenatico
1073 561 1238 621 Christiano
1260 563 1410 638 adscripta

233 653 315 721 6661,
348 649 386 710 61.
419 670 465 726 ep.
493 650 545 709 IX
570 651 643 710 367.
675 645 856 709 Λουκιανοῦ
887 653 968 726 Eup.
999 643 1252 727 ἐπικαλουμένου
1293 645 1408 723 ἀθέου,

234 760 279 816 op.
295 739 346 797 IX.
364 741 437 799 365.
461 731 633 798 Ἰουλιανοῦ
650 733 710 797 τοῦ
723 734 927 819 παραβάτου,
951 740 1024 799 item
1039 760 1085 816 ep.
1101 740 1152 802 IX.
1169 742 1243 816 368,
1266 742 1301 800 61
1319 741 1410 800 etiam

234 847 278 904 ep.
305 829 357 888 XI.
383 829 456 887 108.
477 829 508 886 16
532 823 618 887 Eat
641 822 818 888 Slemmate
840 829 1030 906 inscriptum:
1064 820 1182 909 ἄδηλον
1204 822 1328 888 ἀστεῖον
1350 824 1411 888 τοῦ

233 910 334 976 cortic
348 909 521 975 Ἰουλιαυοῦ
535 911 594 976 τοῦ
610 913 810 996 πυροβάτου.
833 918 970 977 Fortasse
984 918 1041 977 hoc
1055 915 1147 977 verbo
1163 919 1259 978 scriba
1273 919 1411 978 Palladae

236 1007 410 1066 maledicere
432 1007 507 1076 vult„
531 1006 612 1083 quod
633 1007 691 1065 hoc
713 1027 758 1084 cp.
780 1007 809 1064 in
835 1006 1016 1066 Christianos
1031 1007 1175 1084 scriptum
1199 1011 1252 1067 661
1297 1008 1410 1067 766661

234 1095 391 1176 pemque
417 1095 555 1154 iamdiu
582 1100 651 1153 ante
675 1095 828 1154 Palladem
850 1096 880 1154 in
903 1097 1011 1154 malam
1033 1100 1149 1172 partem
1176 1100 1326 1172 acceptam
1349 1115 1411 1156 esse

234 1184 356 1244 Martini
379 1181 476 1242 adfert
499 1179 673 1261 exempla.¹)

323 1273 496 1332 Proximum
519 1277 577 1348 661,
602 1277 640 1331 61
663 1273 864 1350 exquiramus,
888 1292 956 1349 qua
984 1274 1022 1331 in
1049 1280 1147 1333 terra
1173 1279 1280 1333 natus
1308 1278 1355 1349 61,
1383 1275 1413 1334 61

234 1382 303 1422 non
331 1363 453 1420 eadem
481 1365 547 1436 661,
575 1366 737 1422 moratus
764 1363 814 1421 sit
837 1363 1017 1422 Palladas.
1062 1361 1172 1422 Norica
1194 1363 1411 1422 Alexandrinus

233 1452 414 1527 appellatur:
439 1449 505 1510 VII.
522 1451 596 1523 607,
614 1452 687 1520 610,
704 1452 779 1524 681,
798 1451 871 1524 683,
894 1451 946 1511 IX
964 1452 1036 1522 165,
1054 1452 1127 1522 441,
1150 1452 1214 1511 XV.
1231 1453 1283 1521 20,
1308 1446 1339 1508 V.
1357 1452 1410 1519 70,

234 1535 298 1599 ΙΧ.
314 1534 427 1621 mlo,
446 1541 535 1599 semel
551 1541 767 1618 Aegyptiusin
783 1561 828 1616 ep.
844 1541 895 1598 IX.
914 1541 987 1599 175.
1007 1544 1076 1616 posi
1091 1561 1136 1616 ep.
1153 1541 1204 1600 IX.
1221 1542 1295 1599 481.
1310 1540 1412 1599 1161611

234 1631 379 1688 166161616.
411 1629 455 1704 Pl.
479 1629 597 1687 nullum
620 1646 781 1706 cognomen
797 1629 888 1688 addit.
920 1630 1073 1688 Palladem
1088 1630 1283 1688 Alexandriae
1305 1633 1410 1688 natum

233 1721 287 1777 661
307 1718 499 1794 perlongum
515 1723 634 1792 tempus
648 1723 799 1777 versatum
815 1736 878 1776 esse
894 1719 984 1776 etiam
1001 1737 1036 1776 ex
1051 1719 1190 1776 lemmate
1205 1738 1250 1794 ep.
1265 1718 1317 1778 lX.
1335 1719 1408 1776 393.

234 1800 280 1877 εἷς
294 1800 370 1876 τούς
385 1799 418 1865 ἓν
428 1800 586 1885 Αἰγύπτῳ
598 1797 755 1886 ἄρχοντας
768 1804 845 1865 effici
860 1811 960 1882 potest
972 1811 1003 1865 61
1016 1827 1050 1864 ex
1065 1807 1204 1866 lemmata
1218 1827 1264 1883 ep.
1273 1808 1325 1866 XI.
1335 1809 1409 1866 204.

233 1889 279 1966 εἰς
294 1889 475 1973 Αἰγύπτιον
497 1890 623 1976 ῥήτορα.
667 1897 764 1955 Testis
787 1900 832 1954 661
853 1900 1008 1972 praeterea
1030 1916 1075 1972 ep.
1094 1896 1146 1954 IX.
1163 1898 1238 1955 400.
1259 1897 1291 1954 in
1305 1896 1407 1972 Hypa-

234 1985 306 2043 biam
334 1985 417 2042 illam
445 1984 651 2060 philosopham
678 1985 907 2043 Alexandrinam
932 1985 1084 2061 scriptum.
1135 1985 1232 2043 1111616
1264 1985 1295 2043 id
1328 1985 1409 2060 quod

235 2074 306 2132 deos
314 2074 480 2150 Aegyptios
495 2075 613 2149 saepius
629 2077 852 2132 commemorat:
868 2073 938 2134 Isim
955 2072 1019 2150 (VI.
1031 2073 1094 2149 60.)
1115 2075 1222 2132 Jovem
1232 2074 1410 2132 Ammonem

236 2161 317 2242 (VII.
341 2161 440 2240 687.)‚
468 2163 601 2239 SerapIm
626 2162 689 2238 (IX.
716 2164 792 2237 174,
816 2160 914 2242 tta),
941 2163 1026 2221 iuvat
1047 2181 1101 2221 nos
1123 2163 1332 2220 Alexandriam
1358 2182 1411 2237 pa·

235 2251 322 2310 triam
347 2271 410 2312 esse
426 2252 565 2310 Palladae
588 2255 741 2326 putantes,
765 2271 944 2328 quamquam
968 2251 1047 2309 haud
1070 2252 1242 2328 ignoramus
1263 2252 1318 2310 hos
1340 2250 1410 2310 deos

236 2341 277 2399 616
309 2341 490 2416 temporibus
521 2341 662 2399 Romanis
694 2359 813 2417 quoquc
845 2341 1014 2400 notissimos
1050 2342 1150 2400 fuisse.
1204 2341 1295 2398 Haud
1330 2343 1411 2399 recte

237 2429 374 2488 Palladae
390 2429 589 2488 Chalcidensis
604 2430 774 2488 nominatur
790 2450 807 2488 a
826 2430 986 2500 nonnullis,
1009 2430 1061 2505 qui
1073 2449 1139 2505 epp.
1155 2429 1207 2488 XI.
1224 2430 1411 2488 283-285,

236 2537 296 2576 6611
319 2524 539 2595 perspexerunt.
579 2519 673 2588 Quem
695 2538 824 2577 errorem
848 2519 885 2577 ab
906 2519 1062 2595 Opsopaeo
1085 2519 1181 2594 primo
1205 2513 1286 2596 (le
1300 2537 1329 2594 p.
1348 2517 1411 2593 34.)

236 2608 359 2679 sactum,
383 2628 401 2666 a
415 2608 550 2666 Fabricio
567 2607 650 2684 (bibl.
666 2607 717 2666 Gr.
733 2608 785 2666 IV.
805 2629 834 2684 p.
851 2608 946 2684 485.),
970 2608 1116 2667 Schoellio
1137 2606 1199 2682 (Gr.
1216 2607 1289 2665 Litt.
1306 2606 1411 2665 Gesch.

236 2700 310 2756 verb
336 2697 447 2756 Pinder
468 2697 525 2756 111.
554 2716 582 2772 p.
608 2697 685 2769 26),
712 2696 846 2756 Nicolaio
878 2694 941 2776 (Gr.
969 2697 1040 2754 Litt.
1064 2695 1168 2755 Gcsch.
1191 2695 1246 2755 111.
1270 2715 1299 2770 p.
1321 2691 1409 2773 364.)

237 2789 436 2862 propagatum
465 2786 572 2845 Roishe
598 2782 672 2865 (not.
700 2789 777 2861 poet
801 2806 829 2860 p.
854 2785 941 2860 263.)
969 2789 1000 2844 61
1021 2784 1130 2844 Jacobs
1158 2783 1295 2861 (catalog.
1318 2779 1410 2862 poet.)

237 2874 401 2934 refutantes
423 2895 457 2932 ex
480 2875 526 2934 his
549 2875 661 2951 oppid
685 2874 806 2933 minime
830 2874 1018 2933 officiendum
1042 2892 1104 2933 esse
1127 2874 1412 2933 demonstravemnt.

237 2963 390 3021 Palladem
405 2963 490 3039 06611
514 2982 633 3039 quoquc
655 2964 749 3024 fuisse
770 2965 914 3022 nonnulla
935 2983 1001 3040 epp.
1024 2963 1154 3022 indicare
1176 2963 1324 3033 videntur,
1348 2962 1414 3038 qui-

239 3051 293 3112 bus
325 3071 373 3110 res
396 3052 572 3127 (lpolibanae
604 3055 783 3111 tractantur:
817 3073 860 3129 ep.
884 3053 936 3110 IX.
962 3053 1035 3112 528.
1062 3052 1093 3111 16
1121 3053 1243 3110 6ο61661
1275 3051 1411 3128 Byzantii

238 3141 429 3214 aedificatam,
452 3161 497 3217 cp.
513 3141 565 3200 x1.
583 3143 656 3203 292.
679 3143 711 3199 in
730 3141 925 3202 Themistium
940 3141 1039 3218 Opolis
1060 3141 1242 3217 praefectum
1266 3141 1411 3215 scriptum

239 3233 297 3304 661,
321 3250 338 3288 6
359 3230 510 3290 nonnullis
531 3231 621 3289 6116111
645 3251 690 3307 ep.
712 3231 793 3289 XVI.
817 3231 946 3290 28216
968 3230 1117 3290 Victorias
1144 3229 1230 3304 Gpoli
1252 3229 1410 3287 collocatas

238 3318 342 3376 referri
357 3338 448 3395 supra
462 3319 521 3377 iam
537 3319 672 3379 diximus.
698 3320 757 3378 Sed
773 3339 840 3379 cum
856 3321 934 3378 inter
949 3338 994 3394 cp.
1010 3319 1061 3376 XI.
1078 3320 1152 3378 292.
1169 3322 1200 3375 ct
1215 3335 1260 3392 ep.
1274 3316 1325 3374 IX.
1338 3317 1411 3375 528.

239 3407 367 3482 spatium
390 3407 514 3485 triginta
536 3426 586 3466 sex
609 3409 766 3466 minimum
788 3426 931 3466 annorum
947 3408 1089 3466 interesse
1104 3405 1411 3474 demonstraverimus,

238 3495 285 3554 bis
308 3496 401 3556 fuisse
425 3497 510 3573 Opoli
532 3496 687 3555 Palladem
710 3497 913 3556 coniciendum
937 3501 990 3555 661.
1035 3496 1111 3554 11661
1140 3513 1323 3571 quamquam
1344 3497 1413 3570 post

239 3603 265 3642 a
289 3586 363 3644 420.
385 3585 544 3644 admodum
577 3605 678 3644 senem
704 3588 823 3644 tantum
848 3585 907 3644 iter
929 3585 1034 3645 fecisse
1056 3603 1116 3644 non
1147 3589 1193 3644 est
1219 3584 1283 3643 veri
1310 3583 1414 3655 simile,

238 3678 338 3732 tamen
365 3693 440 3732 anno
470 3676 543 3733 384.
571 3675 707 3733 iuvenem
728 3673 859 3734 discendi
881 3693 969 3734 cansa
992 3675 1024 3732 in
1051 3674 1147 3749 capite
1174 3673 1292 3748 imperii
1323 3673 1414 3731 161666

240 3762 379 3821 credibile
395 3769 448 3822 est.
473 3763 628 3838 Graecum,
644 3783 702 3822 non
716 3764 885 3822 Romanum
900 3764 992 3823 fuisse
1008 3763 1161 3821 Palladem
1177 3781 1212 3820 ex
1228 3781 1272 3838 ep.
1282 3762 1414 3834 111502,

240 3852 351 3920 616661;
375 3871 554 3929 quamquam
571 3853 652 3929 quod
667 3872 755 3928 saepe
771 3853 868 3912 verbis
882 3853 1022 3912 Romanis
1037 3852 1142 3925 utitur,
1166 3869 1224 3909 non
1240 3854 1285 3908 661
1303 3849 1413 3907 mirum

242 3939 274 3996 in
295 3943 384 4016 poeta
405 3940 495 4001 huius
518 3941 633 4001 aetatis.

329 4029 466 4089 Palladas
494 4050 525 4089 66
553 4031 823 4106 pauperrimum
853 4049 927 4088 6666
955 4029 1178 4106 magistrum,
1205 4027 1410 4104 grammati-

241 4136 331 4190 cum,
347 4119 409 4195 qui
431 4119 638 4178 mercedula
652 4123 766 4176 artem
781 4119 1048 4194 grammaticam
1063 4118 1190 4175 doceat
1204 4117 1268 4193 ipse
1284 4119 1414 4175 16616161

241 4207 346 4266 1661116
370 4227 436 4285 epp.
470 4207 551 4278 Quae
575 4226 622 4266 ars
645 4227 741 4283 neque
763 4227 885 4284 magnes
901 4207 1017 4267 divitias
1040 4224 1136 4281 neque
1159 4209 1329 4265 contentum
1353 4205 1413 4263 cni·

333 4400 353 4464 ι)
372 4398 502 4464 Martini,
522 4397 683 4468 quaestion.
702 4396 839 4450 Posiden.
876 4396 1029 4466 Leipziger
1048 4395 1130 4450 stud.
1143 4395 1242 4450 XVII.
1261 4413 1289 4465 p.
1302 4395 1362 4449 346.
