3372 5210
757 322 973 379 „76-

279 504 488 576 argumentum
530 498 560 556 in
603 519 686 574 epp,
731 517 789 574 quo
829 501 1010 574 quantopere
1054 499 1151 556 valeat
1193 496 1328 574 ingenio,
1367 497 1459 556 nobis

277 588 395 648 indicat.

368 677 402 734 Id
425 697 518 735 unum
541 677 665 736 fortasse
688 676 801 753 aliquid
817 676 981 735 offensionis
997 675 1112 744 habeat,
1128 675 1208 751 quod
1224 674 1358 732 Palladas
1373 674 1458 732 idem.

278 771 488 843 argumentum
504 765 594 824 toties
609 766 706 823 iterat.
746 765 831 834 Quod
847 764 1038 840 opprobrium
1055 782 1149 822 nonne
1166 764 1245 822 idem
1260 763 1451 822 tribuendum

280 862 324 914 est
347 855 581 930 praeclarissimo
607 854 737 912 omnium
762 853 1157 930 epigrammatographorum
1183 853 1324 926 Martiali,
1356 870 1459 909 nonne

279 941 418 1002 Palladae
441 943 519 1001 idem
536 943 683 1002 vindicare
699 961 863 1018 possumus,
888 961 947 1018 quo
969 943 1020 1000 illc
1044 961 1074 1000 se
1090 941 1222 1001 defendit
1236 937 1318 1021 (VII.
1335 941 1386 1016 85,
1397 942 1452 1017 3.):

751 1032 846 1090 Facile
871 1037 915 1090 est
939 1031 1151 1107 epigrammata
1175 1031 1250 1088 belle

494 1121 639 1189 Scribere,
664 1122 714 1179 sed
738 1120 847 1178 librum
872 1119 999 1180 scribere
1023 1119 1140 1178 difficile
1163 1124 1216 1178 est.

367 1209 466 1267 Unum
483 1210 602 1280 accedit,
619 1228 680 1284 quo
694 1213 831 1269 venustas
847 1229 911 1284 epp.
921 1209 1060 1266 Palladae
1077 1212 1216 1284 augetur:
1232 1226 1373 1283 persaepe
1382 1209 1458 1265 Pal-·
1513 1201 1515 1206 ’

278 1298 359 1357 ladas
375 1298 472 1356 verbis
487 1298 565 1356 ludit
588 1299 626 1368 et,
643 1299 724 1374 quod
740 1298 766 1356 ei
781 1299 824 1355 rei
841 1297 1080 1356 consimillimurn
1097 1301 1149 1368 est,
1168 1315 1277 1367 versus,
1300 1297 1450 1371 inprimis

280 1387 402 1446 Homeri
429 1386 566 1462 parodica
593 1387 775 1463 perstringit.
823 1386 909 1456 Quod
935 1386 995 1444 iarn
1024 1386 1183 1444 Lucillium
1211 1384 1260 1461 (cf.
1285 1405 1309 1445 e.
1332 1405 1359 1460 g.
1384 1405 1451 1460 epp.

279 1475 331 1536 XI.
355 1477 428 1534 400.
450 1475 544 1551 toln,
567 1476 658 1534 immo
681 1494 751 1534 vero
774 1475 957 1550 antiquiores
980 1474 1324 1550 epigrammatographos
1347 1473 1451 1533 fecisse

278 1564 425 1638 videmus,
450 1565 538 1622 etiam
553 1564 650 1624 verbis
673 1564 738 1622 ludi
760 1564 897 1623 omnibus
913 1563 1097 1638 temporibus
1121 1564 1323 1639 cognovimus;
1347 1567 1378 1620 at
1401 1581 1448 1620 ex·

280 1654 373 1712 coluit
396 1659 426 1711 et
448 1672 537 1729 quam
560 1653 684 1710 maxima
707 1653 842 1711 adhibuit
861 1653 997 1711 Palladas
1019 1652 1132 1727 primus
1156 1653 1193 1710 ad
1217 1672 1260 1727 ep.
1285 1652 1449 1710 acuendum

279 1742 545 1800 annorninationem
562 1745 594 1800 et
609 1742 770 1817 perediam,
794 1741 872 1816 quod
893 1741 919 1799 ei
940 1760 1071 1800 summae
1095 1741 1175 1798 laudi
1191 1741 1382 1799 tribuendum
1397 1744 1456 1813 est,

280 1850 346 1889 oum
363 1831 408 1888 his
430 1831 518 1888 rebus
542 1831 614 1889 fines
638 1850 702 1906 epp.
726 1831 943 1907 propagaverit.
990 1829 1022 1888 Si
1044 1830 1179 1888 nonnulli
1202 1830 1323 1888 lusuum
1347 1830 1448 1889 verbo-

279 1939 347 1976 rum
369 1908 453 1977 nobis
469 1919 555 1976 nimis
578 1919 682 1996 frigidi
705 1924 735 1977 et
751 1919 880 1978 arcessiti
904 1923 933 1976 et
955 1919 1074 1976 infaceti
1097 1937 1159 1977 esse
1175 1919 1342 1992 videantur,
1366 1918 1457 1976 nobis-

280 2014 309 2066 et
331 2016 465 2083 tempora
480 2008 618 2066 Palladae
642 2008 824 2082 respicienda
846 2013 923 2077 sunt,
947 2007 1055 2083 quibus
1079 2009 1122 2066 sal
1143 2008 1254 2082 ingenii
1271 2006 1450 2065 Graecorum

279 2097 426 2172 dilapsum
449 2101 521 2173 erat,
536 2103 566 2155 et
581 2116 638 2156 ars¹
652 2103 764 2172 poetae,
789 2097 891 2172 quint
914 2102 978 2154 erat
1000 2096 1218 2172 grammaticus,
1246 2096 1309 2155 istis
1336 2096 1457 2154 lusibus

279 2185 479 2261 grammaticis
508 2185 648 2244 delectari
677 2186 785 2261 potuit.
816 2185 912 2255 Quid?
945 2185 1090 2244 Martialis
1114 2204 1179 2260 epp.
1199 2205 1270 2244 num
1294 2187 1364 2244 sunt
1387 2201 1450 2242 om·-

279 2275 328 2332 nia
351 2293 497 2349 peraeque
526 2275 620 2333 bona?
666 2275 714 2332 An
737 2275 784 2334 hio
812 2275 874 2351 ipse
897 2293 955 2332 non
979 2273 1122 2333 concessit
1145 2275 1223 2332 inter
1247 2273 1376 2332 carmina
1399 2292 1454 2331 sua

280 2381 341 2422 esse
365 2363 507 2437 quaedam
531 2364 697 2432 mediocria,
720 2364 807 2438 plura
830 2364 906 2420 mala
929 2361 964 2438 (l.
991 2363 1073 2436 16.)?

369 2451 563 2509 Didactica
585 2471 704 2526 quoque
728 2471 794 2527 epp.
818 2452 971 2509 aPallada
994 2452 1089 2528 primo
1113 2453 1228 2510 exculta
1251 2455 1327 2529 sunt,
1351 2470 1452 2527 quam·

281 2559 367 2616 quam
397 2540 598 2616 antiquiorum
626 2545 780 2615 poetarum
814 2541 961 2608 nonnulli,
994 2541 1023 2598 in
1056 2540 1159 2615 primis
1187 2540 1348 2614 Luciacus,
1380 2539 1455 2598 talia

281 2629 468 2704 scripserant,
497 2649 572 2704 quae
596 2629 640 2688 his
667 2630 852 2704 temporibus
879 2629 973 2706 magis
1001 2629 1088 2687 etiam
1112 2630 1301 2700 conveniunt,
1331 2648 1398 2690 cum
1421 2631 1453 2689 et

280 2717 423 2794 religione
451 2717 618 2776 christiana
646 2722 676 2776 et
703 2719 787 2794 copia
814 2737 990 2795 gnomarum
1018 2718 1147 2777 Orientis
1180 2718 1359 2793 populorum
1391 2718 1457 2775 late·

281 2806 387 2864 diffusa
411 2807 479 2864 libri
496 2807 706 2865 sententiarum
731 2808 810 2882 pleni
833 2809 863 2865 in
879 2807 991 2866 deliciis
1007 2807 1127 2865 fuerint.
1160 2806 1254 2876 Quam
1279 2807 1316 2865 ob
1333 2825 1451 2866 causam

281 2894 426 2954 didactica
441 2914 508 2970 epp.
523 2897 681 2954 maximam
697 2900 809 2970 partem
834 2896 983 2954 continent
998 2915 1063 2971 epp.
1081 2896 1225 2969 Palladae,
1250 2915 1324 2971 quae
1341 2896 1451 2954 iterum

281 2983 424 3041 maiorem
447 2987 565 3059 partem
587 2984 656 3042 libri
679 2985 715 3044 X.
739 2985 818 3044 anth.
834 2985 896 3044 Pal.
920 3003 1063 3061 occupare
1087 2985 1276 3053 ostendimus,
1301 3003 1360 3060 quo
1384 3003 1451 3059 epp.

281 3073 459 3130 sententiosa
482 3073 606 3131 collecta
628 3079 706 3132 sunt.
752 3073 889 3131 Palladae
913 3094 978 3149 epp.
999 3075 1211 3149 perlustrantes
1234 3073 1310 3131 inter
1333 3093 1398 3148 epp.
1422 3077 1452 3130 ct

280 3179 403 3237 guomas
427 3179 577 3219 secernere
599 3180 657 3220 uon
680 3181 850 3237 possumus,
883 3181 957 3237 quae
981 3163 1162 3238 antiquiores
1189 3166 1292 3237 poetae
1320 3161 1452 3219 nondum

280 3250 503 3324 permiscebant.
512 3245 537 3329 ¹)

370 3337 456 3408 Quod
484 3339 562 3397 inter
589 3360 654 3415 epp.
683 3340 862 3399 sententiosa
889 3340 1028 3406 Pallados
1055 3340 1151 3398 multa
1180 3339 1384 3399 consimillima
1410 3339 1452 3396 in-

280 3426 414 3486 venimus
442 3429 654 3486 sententiarum
679 3429 803 3506 syllogis
827 3427 1007 3488 Graecorum
1030 3429 1114 3487 nobis
1142 3429 1277 3503 servatis,
1309 3447 1366 3486 non
1399 3427 1455 3485 ad-

280 3517 424 3574 miramur
460 3521 583 3592 propter
620 3522 863 3593 argumentorum
899 3516 1140 3592 similitudinem,
1180 3535 1361 3592 quamquam
1393 3535 1456 3574 non.

281 3623 397 3678 semper
419 3605 570 3662 Palladem
594 3606 661 3663 illas
685 3606 814 3682 syllcgas
838 3606 1022 3680 exscripsisse
1045 3607 1128 3665 nobis
1152 3605 1317 3681 putandum
1341 3608 1393 3664 est.

371 3691 485 3760 Quibus
509 3713 543 3750 ex
567 3694 689 3770 syllogis
712 3695 742 3753 in
766 3696 868 3775 primis
892 3696 1053 3754 sententiae
1076 3695 1280 3771 Theognideae
1304 3695 1361 3752 huc
1383 3713 1453 3770 per·

280 3781 388 3852 tinent,
413 3799 485 3857 quas
509 3790 630 3857 propter
653 3784 830 3842 sententiosa
845 3791 1020 3860 argumenta
1042 3785 1079 3842 ad
1102 3802 1209 3859 pueros
1233 3783 1379 3842 docendos
1402 3781 1452 3840 ad·

280 3869 387 3928 hibitas
411 3889 482 3945 esse,
505 3871 610 3930 saltem
632 3871 761 3947 priorem
784 3875 898 3947 partem
922 3892 1023 3930 earum
1040 3877 1162 3932 constat.
1208 3873 1359 3930 Palladam
1379 3889 1452 3946 quo·

281 3978 337 4034 que
362 3979 410 4018 eas
432 3959 462 4016 in
486 3960 621 4019 manibus
644 3961 779 4019 habuisse
802 3965 838 4018 ut
860 3965 923 4019 erat
946 3962 1099 4038 magister,
1124 3980 1284 4036 earumque
1308 3980 1373 4036 epp.
1398 3979 1453 4018 sua

280 4047 455 4107 scribentem
478 4049 645 4108 meminisse
677 4050 740 4107 veri
764 4057 808 4108 est
840 4049 1030 4109 simillimum.
1086 4051 1221 4108 Fortasse
1244 4050 1306 4124 ipse
1342 4047 1453 4124 eripuit

370 4205 390 4268 ¹)
415 4203 458 4254 De
487 4219 585 4255 eorum
613 4201 776 4272 discrimine
801 4203 861 4271 egit
883 4203 1009 4271 Haenel,
1038 4202 1074 4256 de
1098 4220 1141 4273 ep.
1167 4202 1216 4257 Gr.
1240 4203 1306 4256 hist.
1331 4218 1406 4272 spec.
1425 4199 1449 4254 I.

280 4273 377 4340 Progr.
391 4271 542 4327 Elisabeth
555 4273 788 4342 Gymn.Vratisl.
810 4273 886 4329 1852.
906 4291 967 4344 cap.
981 4275 1006 4330 4.
1032 4275 1155 4343 Lessing
1173 4290 1288 4343 quoque
1307 4272 1450 4342 disiungit

279 4343 446 4413 Epigramm
466 4352 495 4398 et
513 4344 717 4413 Sinngedicht,
741 4361 862 4414 quorum
881 4345 936 4399 hoc
956 4345 1073 4400 omnino
1093 4363 1151 4400 non
1170 4346 1202 4399 in
1221 4362 1286 4415 epp.
1305 4350 1451 4412 numerat,

279 4414 551 4469 Anmerk.1'iberd.
571 4416 669 4484 Epigr.
708 4415 773 4471 Ges.
794 4416 898 4470 Werke
918 4416 1092 4485 (Goeschen)
1113 4417 1163 4470 VI.
1183 4435 1210 4486 p.
1224 4418 1285 4470 213.
1299 4433 1360 4485 sqq.
